
@article{adhikari_design_2016,
  title = {Design and analysis of vibration energy harvesters based on peak response statistics},
  author = {Adhikari, S and Friswell, MI and Litak, G and Khodaparast, H Haddad},
  year = {2016},
  volume = {25},
  pages = {065009},
  journal = {Smart Materials and Structures}
}

@article{adhikari_piezoelectric_2009,
  title = {Piezoelectric energy harvesting from broadband random vibrations},
  author = {Adhikari, S and Friswell, MI and Inman, DJ},
  year = {2009},
  volume = {18},
  pages = {115005},
  journal = {Smart Materials and Structures}
}

@book{agarwal_ordinary_2008,
  title = {Ordinary and {{Partial Differential Equations}}: {{With Special Functions}}, {{Fourier Series}}, and {{Boundary Value Problems}}},
  author = {Agarwal, Ravi P and O'Regan, Donal},
  year = {2008},
  publisher = {{Springer Science \& Business Media}}
}

@article{agrawal_formulation_2002,
  title = {Formulation of {{Euler}}--{{Lagrange}} equations for fractional variational problems},
  author = {Agrawal, Om P.},
  year = {2002},
  volume = {272},
  pages = {368--379},
  journal = {Journal of Mathematical Analysis and Applications}
}

@article{agrawal_general_2004,
  title = {A general formulation and solution scheme for fractional optimal control problems},
  author = {Agrawal, Om Prakash},
  year = {2004},
  volume = {38},
  pages = {323--337},
  journal = {Nonlinear Dynamics}
}

@article{agrawal_hamiltonian_2007,
  title = {A {{Hamiltonian}} formulation and a direct numerical scheme for fractional optimal control problems},
  author = {Agrawal, Om P. and Baleanu, Dumitru},
  year = {2007},
  volume = {13},
  pages = {1269--1281},
  journal = {Journal of Vibration and Control}
}

@article{agrawal_stochastic_2001,
  title = {Stochastic analysis of dynamic systems containing fractional derivatives},
  author = {Agrawal, OP},
  year = {2001},
  volume = {5},
  pages = {927--938},
  journal = {Journal of Sound and Vibration}
}

@article{alevras_gpu_2016,
  ids = {alevras\_gpu\_2016a},
  title = {{{GPU}} computing for accelerating the numerical {{Path Integration}} approach},
  author = {Alevras, P. and Yurchenko, D.},
  year = {2016},
  volume = {171},
  pages = {46--53},
  journal = {Computers and Structures}
}

@article{ali_analysis_2011,
  title = {The analysis of piezomagnetoelastic energy harvesters under broadband random excitations},
  author = {Ali, SF and Adhikari, S and Friswell, MI and Narayanan, S},
  year = {2011},
  volume = {109},
  pages = {074904},
  journal = {Journal of Applied Physics}
}

@article{alotta_fractional_2014,
  title = {Fractional {{Tajimi}}--{{Kanai}} model for simulating earthquake ground motion},
  author = {Alotta, G. and Paola, M. Di and Pirrotta, A.},
  year = {2014},
  volume = {12},
  pages = {2495--2506},
  journal = {Bulletin of Earthquake Engineering}
}

@book{ang_probability_2007,
  title = {Probability {{Concepts}} in {{Engineering Planning}} and {{Design}}: {{Emphasis}} on {{Application}} to {{Civil}} and {{Environmental Engineering}}},
  author = {Ang, Alfredo Hua-Sing and Tang, Wilson H},
  year = {2007},
  publisher = {{Wiley, New York}}
}

@article{antoniou_response_2017,
  title = {Response determination of linear dynamical systems with singular matrices: {{A}} polynomial matrix theory approach},
  author = {Antoniou, Efstathios N and Pantelous, Athanasios A and Kougioumtzoglou, Ioannis A. and Pirrotta, Antonina},
  year = {2017},
  volume = {42},
  pages = {423--440},
  publisher = {{Elsevier}},
  journal = {Applied Mathematical Modelling}
}

@book{arnold_stochastic_1974,
  title = {Stochastic {{Differential Equations}}: {{Theory}} and {{Applications}}},
  author = {Arnold, L.},
  year = {1974},
  publisher = {{John Wiley \& Sons}}
}

@article{atanackovic_variational_2008,
  title = {Variational problems with fractional derivatives: {{Euler}}\textendash{{Lagrange}} equations},
  author = {Atanackovi{\'c}, T. M. and Konjik, S. and Pilipovi{\'c}, S.},
  year = {2008},
  volume = {41},
  pages = {095201},
  journal = {Journal of Physics A: Mathematical and Theoretical}
}

@book{au_engineering_2014,
  title = {Engineering {{Risk Assessment}} with {{Subset Simulation}}},
  author = {Au, Siu-Kui and Wang, Yu},
  year = {2014},
  publisher = {{John Wiley \& Sons}}
}

@article{audet_analysis_2002,
  title = {Analysis of generalized pattern searches},
  author = {Audet, Charles and Dennis Jr, John E},
  year = {2002},
  volume = {13},
  pages = {889--903},
  publisher = {{SIAM}},
  journal = {SIAM Journal on Optimization}
}

@article{bach_structured_2012,
  title = {Structured sparsity through convex optimization},
  author = {Bach, Francis and Jenatton, Rodolphe and Mairal, Julien and Obozinski, Guillaume},
  year = {2012},
  volume = {27},
  pages = {450--468},
  journal = {Statistical Science}
}

@article{bagley_fractional_1991,
  title = {Fractional order state equations for the control of viscoelasticallydamped structures},
  author = {Bagley, R. L. and Calico, R. A.},
  year = {1991},
  volume = {14},
  pages = {304--311},
  journal = {Journal of Guidance, Control, and Dynamics}
}

@article{baleanu_exact_2008,
  title = {On exact solutions of a class of fractional {{Euler}}\textendash{{Lagrange}} equations},
  author = {Baleanu, Dumitru and Trujillo, Juan J.},
  year = {2008},
  volume = {52},
  pages = {331--335},
  journal = {Nonlinear Dynamics}
}

@article{barone_probabilistic_2008,
  ids = {barone\_probabilistic\_2008a},
  title = {Probabilistic response of linear structures equipped with nonlinear damper devices ({{PIS}} method)},
  author = {Barone, G and Navarra, G and Pirrotta, A},
  year = {2008},
  volume = {23},
  pages = {125--133},
  publisher = {{Elsevier}},
  journal = {Probabilistic engineering mechanics}
}

@article{basu_waveletbased_2001,
  title = {Wavelet-based stochastic seismic response of a {{Duffing}} oscillator},
  author = {Basu, B. and Gupta, V. K.},
  year = {2001},
  volume = {245},
  pages = {251--260},
  journal = {Journal of Sound and Vibration}
}

@article{batou_calculation_2013,
  title = {Calculation of {{Lagrange}} multipliers in the construction of maximum entropy distributions in high stochastic dimension},
  author = {Batou, Anas and Soize, Christian},
  year = {2013},
  volume = {1},
  pages = {431--451},
  journal = {SIAM/ASA Journal on Uncertainty Quantification}
}

@book{bertsekas_constrained_1982,
  title = {Constrained {{Optimization}} and {{Lagrange Multiplier Methods}}},
  author = {Bertsekas, Dimitri P},
  year = {1982},
  publisher = {{Athena Scientific}}
}

@book{bolotin_statisticheskie_1965,
  title = {Statisticheskie {{Metody V Stroitel}}'noi {{Mekhanike}}},
  author = {Bolotin, V. V.},
  year = {1965},
  publisher = {{Stroiizdat}}
}

@inproceedings{bouc_forced_1967,
  title = {Forced vibrations of mechanical systems with hysteresis},
  booktitle = {Proc. of the {{Fourth Conference}} on {{Nonlinear Oscillations}}},
  author = {Bouc, R},
  year = {1967}
}

@book{braess_nonlinear_2012,
  title = {Nonlinear {{Approximation Theory}}},
  author = {Braess, Dietrich},
  year = {2012},
  volume = {7},
  publisher = {{Springer}}
}

@article{bratley_implementation_1992,
  title = {Implementation and tests of low-discrepancy sequences},
  author = {Bratley, Paul and Fox, Bennett L and Niederreiter, Harald},
  year = {1992},
  volume = {2},
  pages = {195--213},
  journal = {ACM Transactions on Modeling and Computer Simulation (TOMACS)}
}

@article{bucher_efficient_2015,
  title = {Efficient solution of the first passage problem by {{Path Integration}} for normal and {{Poissonian}} white noise},
  author = {Bucher, Christian and Di Paola, Mario},
  year = {2015},
  volume = {41},
  pages = {121--128},
  journal = {Probabilistic Engineering Mechanics}
}

@article{bucher_firstpassage_2016,
  title = {First-passage problem for nonlinear systems under {{L\'evy}} white noise through path integral method},
  author = {Bucher, Christian and Di Matteo, Alberto and Di Paola, Mario and Pirrotta, Antonina},
  year = {2016},
  volume = {85},
  pages = {1445--1456},
  journal = {Nonlinear Dynamics}
}

@book{buhmann_radial_2003,
  title = {Radial {{Basis Functions}}: {{Theory}} and {{Implementations}}},
  author = {Buhmann, Martin D},
  year = {2003},
  volume = {12},
  publisher = {{Cambridge University Press}}
}

@article{burlon_exact_2018,
  title = {Exact stochastic analysis of coupled bending\textendash torsion beams with in-span supports and masses},
  author = {Burlon, Andrea and Failla, Giuseppe and Arena, Felice},
  year = {2018},
  volume = {54},
  pages = {53--64},
  journal = {Probabilistic Engineering Mechanics}
}

@article{byrd_tool_1989,
  title = {A tool for the analysis of quasi-{{Newton}} methods with application to unconstrained minimization},
  author = {Byrd, Richard and Nocedal, Jorge},
  year = {1989},
  volume = {26},
  pages = {727--739},
  journal = {SIAM Journal on Numerical Analysis}
}

@article{cai_numerical_2013,
  ids = {cai\_numerical\_2013a},
  title = {Numerical path integration method based on bubble grids for nonlinear dynamical systems},
  author = {Cai, Li and Nie, Yufeng and Xie, Wenxian and Zhang, Weiwei},
  year = {2013},
  volume = {37},
  pages = {1490--1501},
  publisher = {{Elsevier}},
  journal = {Applied Mathematical Modelling}
}

@article{cai_toppling_1995,
  title = {Toppling of rigid block under evolutionary random base excitations},
  author = {Cai, G. Q. and Yu, J. S. and Lin, Y. K.},
  year = {1995},
  volume = {121},
  pages = {924--929},
  journal = {Journal of Engineering Mechanics}
}

@article{caiafa_computing_2013,
  title = {Computing sparse representations of multidimensional signals using kronecker bases},
  author = {Caiafa, Cesar F and Cichocki, Andrzej},
  year = {2013},
  volume = {25},
  pages = {186--220},
  journal = {Neural Computation}
}

@inproceedings{candes_compressive_2006,
  ids = {candes\_compressive\_2006a},
  title = {Compressive sampling},
  booktitle = {Proceedings of the {{International Congress}} of {{Mathematicians}}: {{Madrid}}, {{August}} 22-30,2006 : invited lectures,  {{Vol}}. 3, 2006, {{ISBN}} 978-3-03719-022-7, p\'ags. 1433-1452},
  author = {Cand{\`e}s, Emmanuel J.},
  year = {2006},
  pages = {1433--1452},
  organization = {{Madrid, Spain}}
}

@article{candes_robust_2006,
  title = {Robust uncertainty principles: exact signal reconstruction from highly incomplete frequency information},
  author = {Cand{\`e}s, E. J. and Romberg, J. and Tao, T.},
  year = {2006},
  volume = {52},
  pages = {489--509},
  journal = {IEEE Transactions on Information Theory}
}

@book{caratheodory_calculus_1999,
  title = {Calculus of {{Variations}} and {{Partial Differential Equations}} of the {{First Order}}},
  author = {Carath{\'e}odory, Constantin},
  year = {1999},
  publisher = {{American Mathematical Society}}
}

@book{cartier_functional_2006,
  title = {Functional {{Integration}}: {{Action}} and {{Symmetries}}},
  author = {Cartier, Pierre and {DeWitt-Morette}, C{\'e}cile},
  year = {2006},
  publisher = {{Cambridge University Press}}
}

@article{caughey_transient_1961,
  title = {Transient response of a dynamic system under random excitation},
  author = {Caughey, TK and Stumpf, HJ},
  year = {1961},
  volume = {28},
  pages = {563--566},
  journal = {Journal of Applied Mechanics}
}

@article{chai_filter_2015,
  ids = {chai\_filter\_2015a},
  title = {Filter models for prediction of stochastic ship roll response},
  author = {Chai, Wei and Naess, Arvid and Leira, Bernt J},
  year = {2015},
  volume = {41},
  pages = {104--114},
  journal = {Probabilistic Engineering Mechanics}
}

@article{chai_longterm_2018,
  ids = {chai\_longterm\_2018a},
  title = {Long-term extreme response and reliability of a vessel rolling in random beam seas},
  author = {Chai, Wei and Naess, Arvid and Leira, Bernt J},
  year = {2018},
  volume = {140},
  publisher = {{American Society of Mechanical Engineers Digital Collection}},
  journal = {Journal of Offshore Mechanics and Arctic Engineering}
}

@book{chaichian_path_2001,
  title = {Path {{Integrals}} in {{Physics}}, {{Vol}}. {{I}}: {{Stochastic Processes}} and {{Quantum Mechanics}}},
  author = {Chaichian, M. and Demichev, A.},
  year = {2001},
  publisher = {{Institute of Physics Publishing}}
}

@article{charalampakis_boucwen_2009,
  title = {A {{Bouc}}-{{Wen}} model compatible with plasticity postulates},
  author = {Charalampakis, AE and Koumousis, VK},
  year = {2009},
  volume = {322},
  pages = {954--968},
  journal = {Journal of Sound and Vibration}
}

@article{chen_beating_2017,
  title = {Beating the curse of dimension with accurate statistics for the {{Fokker}}\textendash{{Planck}} equation in complex turbulent systems},
  author = {Chen, Nan and Majda, Andrew J},
  year = {2017},
  volume = {114},
  pages = {12864--12869},
  publisher = {{National Acad Sciences}},
  journal = {Proceedings of the National Academy of Sciences}
}

@article{chen_numerical_2018,
  ids = {chen\_numerical\_2018a},
  title = {On numerical density approximations of solutions of {{SDEs}} with unbounded coefficients},
  author = {Chen, Linghua and Jakobsen, Espen Robstad and Naess, Arvid},
  year = {2018},
  volume = {44},
  pages = {693--721},
  journal = {Advances in Computational Mathematics}
}

@article{chen_stochastic_2011,
  title = {Stochastic jump and bifurcation of {{Duffing}} oscillator with fractional derivative damping under combined harmonic and white noise excitations},
  author = {Chen, Lincong and Zhu, Weiqiu},
  year = {2011},
  volume = {46},
  pages = {1324--1329},
  journal = {International Journal of Non-Linear Mechanics}
}

@article{cinkir_elementary_2012,
  title = {An elementary algorithm for computing the determinant of pentadiagonal {{Toeplitz}} matrices},
  author = {Cinkir, Zubeyir},
  year = {2012},
  volume = {236},
  pages = {2298--2305},
  journal = {Journal of Computational and Applied Mathematics}
}

@book{clough_dynamics_1975,
  title = {Dynamics of {{Structures}}},
  author = {Clough, Ray W. and Penzien, Joseph},
  year = {1975},
  publisher = {{McGraw-Hill}}
}

@article{cohen_analytic_2011,
  title = {Analytic regularity and polynomial approximation of parametric and stochastic elliptic {{PDE}}'s},
  author = {Cohen, Albert and Devore, Ronald and Schwab, Christoph},
  year = {2011},
  volume = {09},
  pages = {11--47},
  journal = {Analysis and Applications}
}

@article{colet_colored_1989,
  title = {Colored noise: {{A}} perspective from a path-integral formalism},
  author = {Colet, P and Wio, Horacio S and San Miguel, M},
  year = {1989},
  volume = {39},
  pages = {6094},
  journal = {Physical Review A}
}

@article{comerford_compressive_2016,
  ids = {comerford\_compressive\_2016a},
  title = {Compressive sensing based stochastic process power spectrum estimation subject to missing data},
  author = {Comerford, Liam and Kougioumtzoglou, Ioannis A. and Beer, Michael},
  year = {2016},
  volume = {44},
  pages = {66--76},
  journal = {Probabilistic Engineering Mechanics},
  series = {Special {{Issue Based}} on {{Papers Presented}} at the 7th {{International Conference}} on {{Computational Stochastic Mechanics}} ({{CSM7}})}
}

@article{conte_explicit_1996,
  title = {An explicit closed-form solution for linear systems subjected to nonstationary random excitation},
  author = {Conte, Joel P and Peng, B-F},
  year = {1996},
  volume = {11},
  pages = {37--50},
  journal = {Probabilistic Engineering Mechanics}
}

@article{cossalter_joint_2010,
  title = {Joint compressive video coding and analysis},
  author = {Cossalter, Michele and Valenzise, Giuseppe and Tagliasacchi, Marco and Tubaro, Stefano},
  year = {2010},
  volume = {12},
  pages = {168--183},
  journal = {IEEE Transactions on Multimedia}
}

@article{crandall_firstpassage_1966,
  ids = {crandall\_firstpassage\_1966a},
  title = {Some first-passage problems in random vibration},
  author = {Crandall, SH and Chandiramani, KL and Cook, RG},
  year = {1966},
  volume = {33},
  pages = {532--538},
  journal = {Journal of Applied Mechanics}
}

@article{crandall_halfcentury_2006,
  title = {A half-century of stochastic equivalent linearization},
  author = {Crandall, Stephen H.},
  year = {2006},
  volume = {13},
  pages = {27--40},
  journal = {Structural Control and Health Monitoring}
}

@article{crandall_nongaussian_1980,
  title = {Non-{{Gaussian}} closure for random vibration of non-linear oscillators},
  author = {Crandall, Stephen H},
  year = {1980},
  volume = {15},
  pages = {303--313},
  journal = {International Journal of Non-Linear Mechanics}
}

@article{crandall_perturbation_1963,
  title = {Perturbation techniques for random vibration of nonlinear systems},
  author = {Crandall, Stephen H.},
  year = {1963},
  volume = {35},
  pages = {1700--1705},
  journal = {Journal of the Acoustical Society of America}
}

@book{crandall_random_1963,
  ids = {crandall\_random\_1963a},
  title = {Random {{Vibration}} in {{Mechanical Systems}}},
  author = {Crandall, Stephen H and Mark, William D},
  year = {1963},
  publisher = {{Elsevier-Academic Press}}
}

@article{crespo_stochastic_2002,
  ids = {crespo\_stochastic\_2002a},
  title = {Stochastic optimal control of nonlinear systems via short-time {{Gaussian}} approximation and cell mapping},
  author = {Crespo, LG and Sun, JQ},
  year = {2002},
  volume = {28},
  pages = {323--342},
  publisher = {{Springer}},
  journal = {Nonlinear Dynamics}
}

@article{daniell_integrals_1919,
  title = {Integrals in an infinite number of dimensions},
  author = {Daniell, P. J.},
  year = {1919},
  volume = {20},
  pages = {281--288},
  journal = {Annals of Mathematics}
}

@article{daqaq_role_2014,
  title = {On the role of nonlinearities in vibratory energy harvesting: {{A}} critical review and discussion},
  author = {Daqaq, Mohammed and Masana, Ravindra and Erturk, Alper and Quinn, D Dane},
  year = {2014},
  volume = {66},
  pages = {040801},
  journal = {Applied Mechanics Reviews}
}

@article{davis_adaptive_1997,
  title = {Adaptive greedy approximations},
  author = {Davis, G. and Mallat, S. and Avellaneda, M.},
  year = {1997},
  volume = {13},
  pages = {57--98},
  journal = {Constructive Approximation}
}

@article{dehghan_numerical_2014,
  title = {The numerical solution of {{Fokker}}\textendash{{Planck}} equation with radial basis functions ({{RBFs}}) based on the meshless technique of {{Kansa}}'s approach and {{Galerkin}} method},
  author = {Dehghan, Mehdi and Mohammadi, Vahid},
  year = {2014},
  volume = {47},
  pages = {38--63},
  journal = {Engineering Analysis with Boundary Elements}
}

@article{dekker_timelocal_1976,
  ids = {dekker\_timelocal\_1976a},
  title = {Time-local {{Gaussian}} processes, path integrals and nonequilibrium nonlinear diffusion},
  author = {Dekker, H},
  year = {1976},
  volume = {85},
  pages = {363--373},
  publisher = {{Elsevier}},
  journal = {Physica A: Statistical Mechanics and its Applications}
}

@article{demarchi_nearoptimal_2005,
  title = {Near-optimal data-independent point locations for radial basis function interpolation},
  author = {De Marchi, Stefano and Schaback, Robert and Wendland, Holger},
  year = {2005},
  volume = {23},
  pages = {317--330},
  journal = {Advances in Computational Mathematics}
}

@article{demarchi_stability_2010,
  title = {Stability of kernel-based interpolation},
  author = {De Marchi, Stefano and Schaback, Robert},
  year = {2010},
  volume = {32},
  pages = {155--161},
  journal = {Advances in Computational Mathematics}
}

@book{denhartog_mechanical_1956,
  title = {Mechanical {{Vibrations}}, {{Fourth Edition}}},
  author = {Den Hartog, J. P},
  year = {1956},
  publisher = {{McGraw-Hill}}
}

@book{diethelm_fractional_2012,
  title = {Fractional {{Calculus}}: {{Models}} and {{Numerical Methods}}},
  author = {Diethelm, Kai and Baleanu, Dumitru and Scalas, Enrico},
  year = {2012},
  publisher = {{World Scientific}}
}

@article{dilorenzo_stochastic_2014,
  title = {Stochastic response of fractionally damped beams},
  author = {Di Lorenzo, Salvatore and Di Paola, Mario and Pinnola, Francesco P and Pirrotta, Antonina},
  year = {2014},
  volume = {35},
  pages = {37--43},
  journal = {Probabilistic Engineering Mechanics}
}

@article{dimarogonas_origins_1990,
  title = {The origins of vibration theory},
  author = {Dimarogonas, A. D.},
  year = {1990},
  volume = {140},
  pages = {181--189},
  journal = {Journal of Sound and Vibration}
}

@article{dimatteo_generalized_2015,
  title = {Generalized differential transform method for nonlinear boundary value problem of fractional order},
  author = {Di Matteo, A. and Pirrotta, A.},
  year = {2015},
  volume = {29},
  pages = {88--101},
  journal = {Communications in Nonlinear Science and Numerical Simulation}
}

@article{dimatteo_path_2016,
  ids = {dimatteo\_path\_2016a},
  title = {Path integral solution for nonlinear systems under parametric {{Poissonian}} white noise input},
  author = {Di Matteo, A and Di Paola, M and Pirrotta, A},
  year = {2016},
  volume = {44},
  pages = {89--98},
  publisher = {{Elsevier}},
  journal = {Probabilistic Engineering Mechanics}
}

@article{dimatteo_path_2017,
  ids = {dimatteo\_path\_2017a},
  title = {Path {{Integral Method}} for {{Nonlinear Systems Under Levy White Noise}}},
  author = {Di Matteo, Alberto and Pirrotta, Antonina},
  year = {2017},
  volume = {3},
  publisher = {{American Society of Mechanical Engineers Digital Collection}},
  journal = {ASCE-ASME Journal of Risk and Uncertainty in Engineering Systems, Part B: Mechanical Engineering}
}

@article{dimatteo_stochastic_2014,
  ids = {dimatteo\_stochastic\_2014a},
  title = {Stochastic response determination of nonlinear oscillators with fractional derivatives elements via the {{Wiener}} path integral},
  author = {Di Matteo, Alberto and Kougioumtzoglou, Ioannis A. and Pirrotta, Antonina and Spanos, Pol D. and Di Paola, Mario},
  year = {2014},
  volume = {38},
  pages = {127--135},
  journal = {Probabilistic Engineering Mechanics}
}

@article{dimentberg_random_2009,
  ids = {dimentberg\_random\_2009a},
  title = {Random vibrations with strongly inelastic impacts: response {{PDF}} by the path integration method},
  author = {Dimentberg, MF and Gaidai, O and Naess, A},
  year = {2009},
  volume = {44},
  pages = {791--796},
  publisher = {{Elsevier}},
  journal = {International Journal of Non-Linear Mechanics}
}

@article{dipaola_approximate_2002,
  title = {Approximate solution of the {{Fokker}}\textendash{{Planck}}\textendash{{Kolmogorov}} equation},
  author = {Di Paola, M and Sofi, A},
  year = {2002},
  volume = {17},
  pages = {369--384},
  journal = {Probabilistic Engineering Mechanics}
}

@article{dipaola_ideal_2016,
  title = {Ideal and physical barrier problems for non-linear systems driven by normal and {{Poissonian}} white noise via path integral method},
  author = {Di Paola, Mario and Bucher, Christian},
  year = {2016},
  volume = {81},
  pages = {274--282},
  journal = {International Journal of Non-Linear Mechanics}
}

@article{dipaola_mechanically_2013,
  title = {The mechanically based non-local elasticity: an overview of main results and future challenges},
  author = {Di Paola, M. and Failla, G. and Pirrotta, A. and Sofi, A. and Zingales, M.},
  year = {2013},
  volume = {371},
  pages = {20120433},
  journal = {Philosophical Transactions of the Royal Society A: Mathematical, Physical and Engineering Sciences}
}

@article{dipaola_path_2008,
  ids = {dipaola\_path\_2008a},
  title = {Path integral solution for non-linear system enforced by {{Poisson}} white noise},
  author = {Di Paola, M and Santoro, R},
  year = {2008},
  volume = {23},
  pages = {164--169},
  publisher = {{Elsevier}},
  journal = {Probabilistic Engineering Mechanics}
}

@article{dipaola_path_2009,
  ids = {dipaola\_path\_2009a},
  title = {Path integral solution handled by {{Fast Gauss Transform}}},
  author = {Di Paola, M and Santoro, R},
  year = {2009},
  volume = {24},
  pages = {300--311},
  publisher = {{Elsevier}},
  journal = {Probabilistic engineering mechanics}
}

@article{dipaola_path_2020,
  title = {Path integral methods for the probabilistic analysis of nonlinear systems under a white-noise process},
  author = {Di Paola, Mario and Alotta, Gioacchino},
  year = {2020},
  journal = {ASCE-ASME Part B Risk and Uncertainty in Engineering Systems}
}

@article{dipaola_stationary_2012,
  title = {Stationary and non-stationary stochastic response of linear fractional viscoelastic systems},
  author = {Di Paola, Mario and Failla, Giuseppe and Pirrotta, Antonina},
  year = {2012},
  volume = {28},
  pages = {85--90},
  journal = {Probabilistic Engineering Mechanics}
}

@article{dipaola_viscoelastic_2011,
  title = {Visco-elastic behavior through fractional calculus: {{An}} easier method for best fitting experimental results},
  author = {Di Paola, M. and Pirrotta, A. and Valenza, A.},
  year = {2011},
  volume = {43},
  pages = {799--806},
  journal = {Mechanics of Materials}
}

@article{donoho_observed_2009,
  ids = {donoho\_observed\_2009a},
  title = {Observed universality of phase transitions in high-dimensional geometry, with implications for modern data analysis and signal processing},
  author = {Donoho, David and Tanner, Jared},
  year = {2009},
  volume = {367},
  pages = {4273--4293},
  journal = {Philosophical Transactions of the Royal Society A: Mathematical, Physical and Engineering Sciences}
}

@article{donoho_sparse_2012,
  ids = {donoho\_sparse\_2012a},
  title = {Sparse solution of underdetermined systems of linear equations by stagewise orthogonal matching pursuit},
  author = {Donoho, D. L. and Tsaig, Y. and Drori, I. and Starck, J.},
  year = {2012},
  volume = {58},
  pages = {1094--1121},
  journal = {IEEE Transactions on Information Theory}
}

@article{donoso_shorttime_1999,
  title = {Short-time propagators for nonlinear {{Fokker}}-{{Planck}} equations},
  author = {Donoso, J M and Salgado, J J and Soler, M},
  year = {1999},
  volume = {32},
  pages = {3681},
  journal = {Journal of Physics A: Mathematical and General}
}

@article{doostan_nonadapted_2011,
  ids = {doostan\_nonadapted\_2011a},
  title = {A non-adapted sparse approximation of {{PDEs}} with stochastic inputs},
  author = {Doostan, Alireza and Owhadi, Houman},
  year = {2011},
  volume = {230},
  pages = {3015--3034},
  journal = {Journal of Computational Physics}
}

@book{doucet_sequential_2001,
  title = {Sequential {{Monte Carlo Methods}} in {{Practice}}},
  author = {Doucet, Arnaud and {\noopsort{freitas}}{de Freitas}, Nando and Gordon, Neil},
  year = {2001},
  publisher = {{Springer-Verlag}}
}

@article{drozdov_path_1998,
  title = {Path integrals for {{Fokker}}\textendash{{Planck}} dynamics with singular diffusion: {{Accurate}} factorization for the time evolution operator},
  author = {Drozdov, Alexander N and Talkner, Peter},
  year = {1998},
  volume = {109},
  pages = {2080--2091},
  journal = {The Journal of Chemical Physics}
}

@article{duarte_kronecker_2012,
  title = {Kronecker compressive sensing},
  author = {Duarte, Marco F and Baraniuk, Richard G},
  year = {2012},
  volume = {21},
  pages = {494--504},
  journal = {IEEE Transactions on Image Processing}
}

@article{dunne_extremevalue_1997,
  title = {Extreme-value prediction for non-linear stochastic oscillators via numerical solutions of the stationary {{FPK}} equation},
  author = {Dunne, Julian F and Ghanbari, Mehrdad},
  year = {1997},
  volume = {206},
  pages = {697--724},
  journal = {Journal of Sound and Vibration}
}

@article{einchcomb_use_1995,
  title = {Use of {{Hamiltonian}} mechanics in systems driven by colored noise},
  author = {Einchcomb, SJB and McKane, AJ},
  year = {1995},
  volume = {51},
  pages = {2974},
  journal = {Physical Review E}
}

@book{eldar_compressed_2012,
  ids = {eldar\_compressed\_2012a},
  title = {Compressed {{Sensing}}: {{Theory}} and {{Applications}}},
  author = {Eldar, Yonina C. and Kutyniok, Gitta},
  year = {2012},
  publisher = {{Cambridge University Press}},
  googlebooks = {9ccLAQAAQBAJ}
}

@book{elishakoff_probabilistic_1999,
  title = {Probabilistic {{Theory}} of {{Structures}}},
  author = {Elishakoff, Isaac},
  year = {1999},
  publisher = {{Dover Publications}},
  googlebooks = {8ohKdUv6wNwC}
}

@article{elishakoff_sixty_2017,
  title = {Sixty years of stochastic linearization technique},
  author = {Elishakoff, Isaac and Crandall, Stephen H.},
  year = {2017},
  volume = {52},
  pages = {299--305},
  journal = {Meccanica}
}

@book{elsgolc_calculus_2012,
  title = {Calculus of {{Variations}}},
  author = {Elsgolc, Lev D},
  year = {2012},
  publisher = {{Courier Corporation}}
}

@article{eom_nanomechanical_2011,
  title = {Nanomechanical resonators and their applications in biological/chemical detection: {{Nanomechanics}} principles},
  author = {Eom, Kilho and Park, Harold S. and Yoon, Dae Sung and Kwon, Taeyun},
  year = {2011},
  volume = {503},
  pages = {115--163},
  journal = {Physics Reports}
}

@article{er_improved_1998,
  title = {An improved closure method for analysis of nonlinear stochastic systems},
  author = {Er, Guo-Kang},
  year = {1998},
  volume = {17},
  pages = {285--297},
  journal = {Nonlinear Dynamics}
}

@book{ewing_calculus_1985,
  title = {Calculus of {{Variations}} with {{Applications}}},
  author = {Ewing, George McNaught},
  year = {1985},
  publisher = {{Dover Publications}}
}

@article{failla_stochastic_2012,
  title = {On the stochastic response of a fractionally-damped {{Duffing}} oscillator},
  author = {Failla, Giuseppe and Pirrotta, Antonina},
  year = {2012},
  volume = {17},
  pages = {5131--5142},
  journal = {Communications in Nonlinear Science and Numerical Simulation}
}

@book{fasshauer_kernelbased_2015,
  title = {Kernel-{{Based Approximation Methods Using Matlab}}},
  author = {Fasshauer, Gregory and McCourt, Michael},
  year = {2015},
  volume = {19},
  publisher = {{World Scientific}}
}

@book{fasshauer_meshfree_2007,
  title = {Meshfree {{Approximation Methods}} with {{Matlab}}},
  author = {Fasshauer, Gregory E},
  year = {2007},
  volume = {6},
  publisher = {{World Scientific}}
}

@article{fasshauer_positive_2011,
  title = {Positive definite kernels: past, present and future},
  author = {Fasshauer, Gregory E},
  year = {2011},
  volume = {4},
  pages = {21--63},
  journal = {Dolomite Research Notes on Approximation}
}

@book{feynman_quantum_1965,
  ids = {feynman\_quantum\_1965a},
  title = {Quantum {{Mechanics}} and {{Path Integrals}}},
  author = {Feynman, Richard Phillips and Hibbs, A. R.},
  year = {1965},
  publisher = {{McGraw-Hill}}
}

@article{feynman_spacetime_1948,
  title = {Space-time approach to non-relativistic quantum mechanics},
  author = {Feynman, R. P.},
  year = {1948},
  volume = {20},
  pages = {367--387},
  journal = {Reviews of Modern Physics}
}

@article{field_efficacy_2015,
  title = {On the efficacy of stochastic collocation, stochastic {{Galerkin}}, and stochastic reduced order models for solving stochastic problems},
  author = {Field, R. V. and Grigoriu, M. and Emery, J. M.},
  year = {2015},
  volume = {41},
  pages = {60--72},
  journal = {Probabilistic Engineering Mechanics}
}

@book{fornberg_primer_2015,
  title = {A {{Primer}} on {{Radial Basis Functions}} with {{Applications}} to the {{Geosciences}}},
  author = {Fornberg, Bengt and Flyer, Natasha},
  year = {2015},
  publisher = {{SIAM}}
}

@article{fosdick_pathintegral_1966,
  title = {Path-integral calculation of the two-particle {{Slater}} sum for {{He}} 4},
  author = {Fosdick, Lloyd D and Jordan, Harry F},
  year = {1966},
  volume = {143},
  pages = {58},
  publisher = {{APS}},
  journal = {Physical Review}
}

@book{foucart_mathematical_2013,
  ids = {foucart\_mathematical\_2013a},
  title = {A {{Mathematical Introduction}} to {{Compressive Sensing}}},
  author = {Foucart, Simon and Rauhut, Holger},
  year = {2013},
  publisher = {{Springer-Birkh\"auser}}
}

@article{fragkoulis_statistical_2016,
  title = {Statistical linearization of nonlinear structural systems with singular matrices},
  author = {Fragkoulis, Vasileios C. and Kougioumtzoglou, Ioannis A. and Pantelous, Athanasios A.},
  year = {2016},
  volume = {142},
  pages = {04016063},
  journal = {ASCE Journal of Engineering Mechanics}
}

@article{freed_wiener_1971,
  title = {Wiener integrals and models of stiff polymer chains},
  author = {Freed, Karl F},
  year = {1971},
  volume = {54},
  pages = {1453--1463},
  journal = {The Journal of Chemical Physics}
}

@article{gaidai_effect_2008,
  ids = {gaidai\_effect\_2008a},
  title = {The effect of fatigue-induced crack propagation on the stochastic dynamics of a nonlinear structure},
  author = {Gaidai, O and Naess, A and Sobczyk, K},
  year = {2008},
  volume = {23},
  pages = {438--443},
  publisher = {{Elsevier}},
  journal = {Probabilistic engineering mechanics}
}

@article{gaidai_nonlinear_2019,
  title = {Nonlinear {{6D}} response statistics of a rotating shaft subjected to colored noise by path integration on {{GPU}}},
  author = {Gaidai, Oleg and Dou, Peng and Naess, Arvid and Dimentberg, Michael and Cheng, Yong and Ye, Renchuan},
  year = {2019},
  volume = {111},
  pages = {142--148},
  publisher = {{Elsevier}},
  journal = {International Journal of Non-Linear Mechanics}
}

@article{gaidai_response_2017,
  ids = {gaidai\_response\_2017a},
  title = {Response statistics of rotating shaft with non-linear elastic restoring forces by path integration},
  author = {Gaidai, Oleg and Naess, Arvid and Dimentberg, Michael},
  year = {2017},
  volume = {400},
  pages = {113--121},
  publisher = {{Elsevier}},
  journal = {Journal of Sound and Vibration}
}

@book{gardiner_handbook_1985,
  title = {Handbook of {{Stochastic Methods}} for {{Physics}}, {{Chemistry}}, and the {{Natural Sciences}}},
  author = {Gardiner, C. W.},
  year = {1985},
  publisher = {{Springer-Verlag}}
}

@article{gasca_polynomial_2000,
  title = {Polynomial interpolation in several variables},
  author = {Gasca, Mariano and Sauer, Thomas},
  year = {2000},
  volume = {12},
  pages = {377},
  journal = {Advances in Computational Mathematics}
}

@article{gavriliadis_truncated_2012,
  title = {The truncated {{Stieltjes}} moment problem solved by using kernel density functions},
  author = {Gavriliadis, PN and Athanassoulis, GA},
  year = {2012},
  volume = {236},
  pages = {4193--4213},
  journal = {Journal of Computational and Applied Mathematics}
}

@article{gear_automatic_1985,
  title = {Automatic integration of {{Euler}}-{{Lagrange}} equations with constraints},
  author = {Gear, Charles William and Leimkuhler, Ben and Gupta, Gopal K},
  year = {1985},
  volume = {12},
  pages = {77--90},
  publisher = {{Elsevier}},
  journal = {Journal of Computational and Applied Mathematics}
}

@book{gelfand_calculus_1963,
  title = {Calculus of {{Variations}}},
  author = {Gelfand, I. M. and Fomin, S. V.},
  year = {1963},
  publisher = {{Prentice Hall}}
}

@article{gelfand_integration_1960,
  title = {Integration in functional spaces and its applications in quantum physics},
  author = {Gelfand, Israel M and Yaglom, Akiva M},
  year = {1960},
  volume = {1},
  pages = {48--69},
  journal = {Journal of Mathematical Physics}
}

@article{gemant_method_1936,
  title = {A method of analyzing experimental results obtained from elasto-viscous bodies},
  author = {Gemant, Andrew},
  year = {1936},
  volume = {7},
  pages = {311--317},
  journal = {Physics}
}

@book{ghanem_stochastic_2003,
  title = {Stochastic {{Finite Elements}}: {{A Spectral Approach}}},
  author = {Ghanem, Roger G. and Spanos, Pol D.},
  year = {2003},
  publisher = {{Dover Publications}},
  googlebooks = {f6TeBwAAQBAJ}
}

@book{giaquinta_calculus_1996,
  title = {Calculus of {{Variations I}}},
  author = {Giaquinta, Mariano and Hildebrandt, Stefan},
  year = {1996},
  publisher = {{Springer Science \& Business Media}}
}

@book{gihman_stochastic_1972,
  title = {Stochastic {{Differential Equations}}},
  author = {Gihman, Iosif I. and Skorohod, Anatolij V.},
  year = {1972},
  publisher = {{Springer-Verlag}}
}

@article{goldfarb_family_1970,
  title = {A family of variable-metric methods derived by variational means},
  author = {Goldfarb, Donald},
  year = {1970},
  volume = {24},
  pages = {23--26},
  journal = {Mathematics of Computation}
}

@article{goovaerts_analytic_1972,
  title = {Analytic treatment of the {{Coulomb}} potential in the path integral formalism by exact summation of a perturbation expansion},
  author = {Goovaerts, M J and Devreese, J T},
  year = {1972},
  volume = {13},
  pages = {1070--1082},
  journal = {Journal of Mathematical Physics}
}

@article{graham-brady_probability_2006,
  title = {Probability and materials: from nano- to macro-scale: a summary},
  author = {{Graham-Brady}, L. L. and Arwade, S. R. and Corr, D. J. and Guti{\'e}rrez, M. A. and Breysse, D. and Grigoriu, M. and Zabaras, N.},
  year = {2006},
  volume = {21},
  pages = {193--199},
  journal = {Probabilistic Engineering Mechanics}
}

@article{green_benefits_2012,
  title = {The benefits of {{Duffing}}-type nonlinearities and electrical optimisation of a mono-stable energy harvester under white {{Gaussian}} excitations},
  author = {Green, PL and Worden, K and Atallah, K and Sims, ND},
  year = {2012},
  volume = {331},
  pages = {4504--4517},
  journal = {Journal of Sound and Vibration}
}

@article{grigoriu_applications_1990,
  ids = {grigoriu\_applications\_1990a},
  title = {Applications of diffusion models to reliability analysis of {{Daniels}} systems},
  author = {Grigoriu, Mircea},
  year = {1990},
  volume = {7},
  pages = {219--228},
  publisher = {{Elsevier}},
  journal = {Structural Safety}
}

@book{grigoriu_applied_1995,
  title = {Applied {{Non}}-{{Gaussian Processes}}: {{Examples}}, {{Theory}}, {{Simulation}}, {{Linear Random Vibration}}, and {{Matlab Solutions}}},
  author = {Grigoriu, Mircea},
  year = {1995},
  publisher = {{Prentice Hall}},
  googlebooks = {cBzvAAAAMAAJ}
}

@article{grigoriu_effective_2005,
  ids = {grigoriu\_effective\_2005a},
  title = {Effective conductivity by a probability-based local method},
  author = {Grigoriu, Mircea and Papoulia, Katerina D},
  year = {2005},
  volume = {98},
  pages = {033706},
  journal = {Journal of applied physics}
}

@article{grigoriu_efficient_2014,
  title = {An efficient {{Monte Carlo}} solution for problems with random matrices},
  author = {Grigoriu, Mircea},
  year = {2014},
  volume = {20},
  pages = {121--136},
  journal = {Monte Carlo Methods and Applications}
}

@article{grigoriu_local_1997,
  title = {Local solutions of {{Laplace}}, heat, and other equations by {{Ito}} processes},
  author = {Grigoriu, Mircea},
  year = {1997},
  volume = {123},
  pages = {823--829},
  journal = {Journal of engineering mechanics}
}

@book{grigoriu_stochastic_2002,
  title = {Stochastic {{Calculus}}: {{Applications}} in {{Science}} and {{Engineering}}},
  author = {Grigoriu, Mircea},
  year = {2002},
  publisher = {{Springer}},
  googlebooks = {3DPTBwAAQBAJ}
}

@book{grigoriu_stochastic_2012,
  title = {Stochastic {{Systems}}: {{Uncertainty Quantification}} and {{Propagation}}},
  author = {Grigoriu, Mircea},
  year = {2012},
  publisher = {{Springer Series in Reliability Engineering}}
}

@article{guo_nonstationary_2018,
  title = {Nonstationary solutions of nonlinear dynamical systems excited by {{Gaussian}} white noise},
  author = {Guo, Siu-Siu},
  year = {2018},
  volume = {92},
  pages = {613--626},
  journal = {Nonlinear Dynamics}
}

@article{halton_efficiency_1960,
  title = {On the efficiency of certain quasi-random sequences of points in evaluating multi-dimensional integrals},
  author = {Halton, John H},
  year = {1960},
  volume = {2},
  pages = {84--90},
  journal = {Numerische Mathematik}
}

@article{halvorsen_fundamental_2013,
  title = {Fundamental issues in nonlinear wideband-vibration energy harvesting},
  author = {Halvorsen, Einar},
  year = {2013},
  volume = {87},
  pages = {042129},
  journal = {Physical Review E}
}

@article{han_stochastic_2016,
  ids = {han\_stochastic\_2016a},
  title = {Stochastic response and bifurcation of periodically driven nonlinear oscillators by the generalized cell mapping method},
  author = {Han, Qun and Xu, Wei and Sun, Jian-Qiao},
  year = {2016},
  volume = {458},
  pages = {115--125},
  publisher = {{Elsevier}},
  journal = {Physica A: Statistical Mechanics and its Applications}
}

@article{hanggi_path_1989,
  title = {Path integral solutions for non-{{Markovian}} processes},
  author = {H{\"a}nggi, Peter},
  year = {1989},
  volume = {75},
  pages = {275--281},
  journal = {Zeitschrift f\"ur Physik B Condensed Matter}
}

@article{harne_review_2013,
  title = {A review of the recent research on vibration energy harvesting via bistable systems},
  author = {Harne, RL and Wang, KW},
  year = {2013},
  volume = {22},
  pages = {023001},
  journal = {Smart Materials and Structures}
}

@article{hasegawa_variational_2015,
  title = {Variational superposed {{Gaussian}} approximation for time-dependent solutions of {{Langevin}} equations},
  author = {Hasegawa, Yoshihiko},
  year = {2015},
  volume = {91},
  pages = {042912},
  journal = {Physical Review E}
}

@article{hasselmann_measurements_1973,
  title = {Measurements of wind-wave growth and swell decay during the {{Joint North Sea Wave Project}} ({{JONSWAP}})},
  author = {Hasselmann, Klaus and Barnett, TP and Bouws, E and Carlson, H and Cartwright, DE and Enke, K and Ewing, JA and Gienapp, H and Hasselmann, DE and Kruseman, P},
  year = {1973},
  publisher = {{Deutches Hydrographisches Institut}},
  journal = {Erg\"anzungsheft 8-12}
}

@article{hawes_numerical_2016,
  title = {Numerical methods for calculating the response of a deterministic and stochastically excited {{Duffing}} oscillator},
  author = {Hawes, David H and Langley, Robin S},
  year = {2016},
  volume = {230},
  pages = {888--899},
  journal = {Proceedings of the Institution of Mechanical Engineers, Part C: Journal of Mechanical Engineering Science}
}

@article{he_electric_2016,
  title = {Electric load optimization of a nonlinear mono-stable duffing harvester excited by white noise},
  author = {He, Qifan and Daqaq, Mohammed},
  year = {2016},
  volume = {51},
  pages = {1027--1039},
  journal = {Meccanica}
}

@article{hestenes_multiplier_1969,
  title = {Multiplier and gradient methods},
  author = {Hestenes, Magnus},
  year = {1969},
  volume = {4},
  pages = {303--320},
  journal = {Journal of Optimization Theory and Applications}
}

@article{huang_learning_2011,
  title = {Learning with structured sparsity},
  author = {Huang, Junzhou and Zhang, Tong and Metaxas, Dimitris},
  year = {2011},
  volume = {12},
  pages = {3371--3412},
  journal = {Journal of Machine Learning Research}
}

@article{huang_response_2009,
  title = {Response and stability of a {{SDOF}} strongly nonlinear stochastic system with light damping modeled by a fractional derivative},
  author = {Huang, ZL and Jin, XL},
  year = {2009},
  volume = {319},
  pages = {1121--1135},
  journal = {Journal of Sound and Vibration}
}

@article{hurtado_equivalent_2000,
  title = {Equivalent linearization of the {{Bouc}}-{{Wen}} hysteretic model},
  author = {Hurtado, Jorge and Barbat, Alex},
  year = {2000},
  volume = {22},
  pages = {1121--1132},
  journal = {Engineering Structures}
}

@book{ibrahim_parametric_1985,
  title = {Parametric {{Random Vibration}}},
  author = {Ibrahim, Raouf A.},
  year = {1985},
  publisher = {{Dover Publications}},
  googlebooks = {D371DAAAQBAJ}
}

@book{ikhouane_systems_2007,
  title = {Systems with {{Hysteresis}}: {{Analysis}}, {{Identification}} and {{Control}} using the {{Bouc}}-{{Wen Model}}},
  author = {Ikhouane, Fay{\c c}al and Rodellar, Jose},
  year = {2007},
  publisher = {{John Wiley \& Sons}}
}

@article{iourtchenko_reliability_2008,
  ids = {iourtchenko\_reliability\_2008a},
  title = {Reliability of strongly nonlinear single degree of freedom dynamic systems by the path integration method},
  author = {Iourtchenko, Daniil and Mo, Eirik and Naess, Arvid},
  year = {2008},
  volume = {75},
  publisher = {{American Society of Mechanical Engineers Digital Collection}},
  journal = {Journal of Applied Mechanics}
}

@article{iourtchenko_response_2006,
  ids = {iourtchenko\_response\_2006a},
  title = {Response probability density functions of strongly non-linear systems by the path integration method},
  author = {Iourtchenko, Daniil V and Mo, Eirik and Naess, Arvid},
  year = {2006},
  volume = {41},
  pages = {693--705},
  publisher = {{Elsevier}},
  journal = {International Journal of Non-Linear Mechanics}
}

@article{ismail_hysteresis_2009,
  title = {The hysteresis {{Bouc}}-{{Wen}} model, a {{Survey}}},
  author = {Ismail, Mohammed and Ikhouane, Fay{\c c}al and Rodellar, Jose},
  year = {2009},
  volume = {16},
  pages = {161--188},
  journal = {Archives of Computational Methods in Engineering}
}

@article{ito_stochastic_1944,
  title = {Stochastic integral},
  author = {It{\^o}, Kiyosi},
  year = {1944},
  volume = {20},
  pages = {519--524},
  journal = {Proceedings of the Imperial Academy}
}

@inproceedings{jain_orthogonal_2011,
  ids = {jain\_orthogonal\_2011a},
  title = {Orthogonal matching pursuit with replacement},
  booktitle = {Advances in neural information processing systems},
  author = {Jain, Prateek and Tewari, Ambuj and Dhillon, Inderjit S},
  year = {2011},
  pages = {1215--1223}
}

@article{jenatton_structured_2011,
  title = {Structured variable selection with sparsity-inducing norms},
  author = {Jenatton, Rodolphe and Audibert, Jean-Yves and Bach, Francis},
  year = {2011},
  volume = {12},
  pages = {2777--2824},
  journal = {Journal of Machine Learning Research}
}

@article{john_techniques_2007,
  title = {Techniques for the reconstruction of a distribution from a finite number of its moments},
  author = {John, V and Angelov, I and {\"O}nc{\"u}l, AA and Th{\'e}venin, D},
  year = {2007},
  volume = {62},
  pages = {2890--2904},
  journal = {Chemical Engineering Science}
}

@article{joo_momentequationcopulaclosure_2016,
  title = {A moment-equation-copula-closure method for nonlinear vibrational systems subjected to correlated noise},
  author = {Joo, Han Kyul and Sapsis, Themistoklis P},
  year = {2016},
  volume = {46},
  pages = {120--132},
  journal = {Probabilistic Engineering Mechanics}
}

@article{joo_performance_2014,
  title = {Performance measures for single-degree-of-freedom energy harvesters under stochastic excitation},
  author = {Joo, Han Kyul and Sapsis, Themistoklis P},
  year = {2014},
  volume = {333},
  pages = {4695--4710},
  journal = {Journal of Sound and Vibration}
}

@book{kac_probability_1959,
  title = {Probability and {{Related Topics}} in {{Physical Sciences}}},
  author = {Kac, Mark},
  year = {1959},
  publisher = {{Amer Mathematical Society}}
}

@article{kanai_semiempirical_1957,
  title = {Semi-empirical formula for the seismic characteristics of the ground},
  author = {Kanai, Kiyoshi},
  year = {1957},
  volume = {35},
  pages = {309--325},
  journal = {Bulletin of the Earthquake Research Institute}
}

@article{kapitaniak_stochastic_1985,
  ids = {kapitaniak\_stochastic\_1985a},
  title = {Stochastic response with bifurcations to non-linear {{Duffing}}'s oscillator},
  author = {Kapitaniak, T},
  year = {1985},
  volume = {102},
  pages = {440--441},
  publisher = {{Academic Press}},
  journal = {Journal of Sound and Vibration}
}

@article{karlsen_statistical_2005,
  ids = {karlsen\_statistical\_2005a},
  title = {Statistical response predictions for a nonlinearly moored large volume structure in random seas},
  author = {Karlsen, HC and Naess, A},
  year = {2005},
  volume = {27},
  pages = {273--280},
  publisher = {{Elsevier}},
  journal = {Applied Ocean Research}
}

@article{kazem_radial_2012,
  title = {Radial basis functions methods for solving {{Fokker}}\textendash{{Planck}} equation},
  author = {Kazem, S and Rad, JA and Parand, K},
  year = {2012},
  volume = {36},
  pages = {181--189},
  journal = {Engineering Analysis with Boundary Elements}
}

@article{khader_numerical_2013,
  title = {A numerical technique for solving fractional variational problems},
  author = {Khader, M. M. and Hendy, A. S.},
  year = {2013},
  volume = {36},
  pages = {1281--1289},
  copyright = {Copyright \textcopyright{} 2012 John Wiley \& Sons, Ltd.},
  journal = {Mathematical Methods in the Applied Sciences}
}

@book{khandekar_pathintegral_1993,
  title = {Path-{{Integral Methods}} and {{Their Applications}}},
  author = {Khandekar, Dinkar C and Lawande, S V and Bhagwat, K V},
  year = {1993},
  publisher = {{World Scientific}}
}

@article{khintchine_korrelations_1934,
  title = {Korrelations theorie der stationaren stochastischen prozesse},
  author = {Khintchine, A.},
  year = {1934},
  volume = {109},
  pages = {604--615},
  journal = {Mathematische Annalen}
}

@inproceedings{kim_variability_2001,
  title = {Variability of {{TLP}} motion analysis against various design methodologies/parameters},
  booktitle = {The {{Eleventh International Offshore}} and {{Polar Engineering Conference}}},
  author = {Kim, MH and Tahar, Arcandra and Kim, YB},
  year = {2001},
  pages = {465--473},
  publisher = {{International Society of Offshore and Polar Engineers}}
}

@article{kitahara_stochastic_1975,
  title = {A stochastic theory of cluster growth in homogeneous nucleation},
  author = {Kitahara, Kazuo and Metiu, Horia and Ross, John},
  year = {1975},
  volume = {63},
  pages = {3156--3160},
  journal = {The Journal of Chemical Physics}
}

@book{kleinert_path_2009,
  title = {Path {{Integrals}} in {{Quantum Mechanics}}, {{Statistics}}, {{Polymer Physics}}, and {{Financial Markets}}},
  author = {Kleinert, Hagen},
  year = {2009},
  publisher = {{World Scientific}}
}

@article{koh_application_1990,
  title = {Application of fractional derivatives to seismic analysis of base-isolated models},
  author = {Koh, Chan Ghee and Kelly, James M},
  year = {1990},
  volume = {19},
  pages = {229--241},
  journal = {Earthquake Engineering \& Structural Dynamics}
}

@article{kolmogorov_analytical_1931,
  title = {On analytical methods in the theory of probability},
  author = {Kolmogorov, A.},
  year = {1931},
  volume = {104},
  pages = {415--458},
  journal = {Mathematische Annalen}
}

@article{kong_nonlinear_2016,
  title = {Nonlinear system response evolutionary power spectral density determination via a harmonic wavelets based {{Galerkin}} technique},
  author = {Kong, Fan and Kougioumtzoglou, Ioannis A. and Spanos, Pol D. and Li, Shujin},
  year = {2016},
  volume = {14},
  pages = {255--272},
  journal = {International Journal for Multiscale Computational Engineering}
}

@article{kougioumtzoglou_analytical_2012,
  ids = {kougioumtzoglou\_analytical\_2012a},
  title = {An analytical {{Wiener}} path integral technique for non-stationary response determination of nonlinear oscillators},
  author = {Kougioumtzoglou, Ioannis A. and Spanos, Pol D.},
  year = {2012},
  volume = {28},
  pages = {125--131},
  journal = {Probabilistic Engineering Mechanics},
  series = {Computational {{Stochastic Mechanics}} \textemdash{} {{CSM6}}}
}

@article{kougioumtzoglou_approximate_2009,
  title = {An approximate approach for nonlinear system response determination under evolutionary stochastic excitation},
  author = {Kougioumtzoglou, Ioannis A. and Spanos, Pol D.},
  year = {2009},
  pages = {1203--1211},
  journal = {Current Science}
}

@article{kougioumtzoglou_efficient_2015,
  ids = {kougioumtzoglou\_efficient\_2015a},
  title = {An efficient {{Wiener}} path integral technique formulation for stochastic response determination of nonlinear {{MDOF}} systems},
  author = {Kougioumtzoglou, Ioannis A. and Di Matteo, Alberto and Spanos, Pol D. and Pirrotta, Antonina and Di Paola, Mario},
  year = {2015},
  volume = {82},
  pages = {101005-101005-7},
  journal = {Journal of Applied Mechanics}
}

@article{kougioumtzoglou_harmonic_2016,
  title = {Harmonic wavelets based response evolutionary power spectrum determination of linear and non-linear oscillators with fractional derivative elements},
  author = {Kougioumtzoglou, Ioannis A. and Spanos, Pol D.},
  year = {2016},
  volume = {80},
  pages = {66--75},
  journal = {International Journal of Non-Linear Mechanics}
}

@article{kougioumtzoglou_identification_2013,
  title = {An identification approach for linear and nonlinear time-variant structural systems via harmonic wavelets},
  author = {Kougioumtzoglou, Ioannis A. and Spanos, Pol D.},
  year = {2013},
  volume = {37},
  pages = {338--352},
  journal = {Mechanical Systems and Signal Processing}
}

@article{kougioumtzoglou_nonstationary_2014,
  ids = {kougioumtzoglou\_nonstationary\_2014a},
  title = {Nonstationary stochastic response determination of nonlinear systems: {{A Wiener}} path integral formalism},
  author = {Kougioumtzoglou, Ioannis A. and Spanos, Pol D.},
  year = {2014},
  volume = {140},
  pages = {04014064},
  publisher = {{American Society of Civil Engineers}},
  journal = {Journal of Engineering Mechanics}
}

@article{kougioumtzoglou_random_2017,
  title = {Random vibration of linear and nonlinear structural systems with singular matrices\_ {{A}} frequency domain approach},
  author = {Kougioumtzoglou, Ioannis A. and Fragkoulis, V. C. and Pantelous, A. A. and Pirrotta, A.},
  year = {2017},
  volume = {404},
  pages = {84--101},
  journal = {Journal of Sound and Vibration}
}

@article{kougioumtzoglou_response_2013,
  title = {Response and first-passage statistics of nonlinear oscillators via a numerical path integral approach},
  author = {Kougioumtzoglou, Ioannis A. and Spanos, Pol D.},
  year = {2013},
  volume = {139},
  pages = {1207--1217},
  journal = {ASCE Journal of Engineering Mechanics}
}

@article{kougioumtzoglou_sparse_2020,
  title = {Sparse representations and compressive sampling approaches in engineering mechanics: {{A}} review of theoretical concepts and diverse applications},
  author = {Kougioumtzoglou, Ioannis A. and Petromichelakis, Ioannis and Psaros, Apostolos F.},
  year = {2020},
  journal = {Probabilistic Engineering Mechanics}
}

@article{kougioumtzoglou_stochastic_2013,
  ids = {kougioumtzoglou\_stochastic\_2013a},
  title = {Stochastic joint time\textendash frequency response analysis of nonlinear structural systems},
  author = {Kougioumtzoglou, Ioannis A.},
  year = {2013},
  volume = {332},
  pages = {7153--7173},
  journal = {Journal of Sound and Vibration}
}

@article{kougioumtzoglou_stochastic_2014,
  ids = {kougioumtzoglou\_stochastic\_2014a},
  title = {Stochastic response analysis of the softening {{Duffing}} oscillator and ship capsizing probability determination via a numerical path integral approach},
  author = {Kougioumtzoglou, Ioannis A. and Spanos, Pol D.},
  year = {2014},
  volume = {35},
  pages = {67--74},
  publisher = {{Elsevier}},
  journal = {Probabilistic Engineering Mechanics}
}

@article{kougioumtzoglou_wiener_2017,
  title = {A {{Wiener}} path integral solution treatment and effective material properties of a class of one-dimensional stochastic mechanics problems},
  author = {Kougioumtzoglou, Ioannis A.},
  year = {2017},
  volume = {143},
  pages = {04017014},
  journal = {Journal of Engineering Mechanics}
}

@book{kree_mathematics_1986,
  title = {Mathematics of {{Random Phenomena}}: {{Random Vibrations}} of {{Mechanical Structures}}},
  author = {Kr{\'e}e, P. and Soize, C.},
  year = {1986},
  publisher = {{Springer-D. Reidel}}
}

@article{kumar_modified_2010,
  ids = {kumar\_modified\_2010a},
  title = {Modified path integral solution of {{Fokker}}\textendash{{Planck}} equation: response and bifurcation of nonlinear systems},
  author = {Kumar, Pankaj and Narayanan, S},
  year = {2010},
  volume = {5},
  publisher = {{American Society of Mechanical Engineers Digital Collection}},
  journal = {Journal of computational and nonlinear dynamics}
}

@article{kumar_semianalytic_2010,
  title = {A semianalytic meshless approach to the transient {{Fokker}}\textendash{{Planck}} equation},
  author = {Kumar, Mrinal and Chakravorty, Suman and Junkins, John L},
  year = {2010},
  volume = {25},
  pages = {323--331},
  journal = {Probabilistic Engineering Mechanics}
}

@article{laing_semiclassical_1977,
  title = {A semiclassical magnus approximation to coupled space-time-dependent scattering equations},
  author = {Laing, John R and Freed, Karl F},
  year = {1977},
  volume = {19},
  pages = {91--117},
  journal = {Chemical Physics}
}

@article{lamping_spline_2016,
  title = {Spline approximation, {{Kronecker}} products and multilinear forms},
  author = {Lamping, Frank and Pe{\~n}a, Juan-Manuel and Sauer, Tomas},
  year = {2016},
  volume = {23},
  pages = {535--557},
  journal = {Numerical Linear Algebra with Applications}
}

@book{lanczos_variational_1986,
  title = {The {{Variational Principles}} of {{Mechanics}}},
  author = {Lanczos, Cornelius},
  year = {1986},
  publisher = {{Dover Publications}}
}

@article{langley_bounds_2015,
  title = {Bounds on the vibrational energy that can be harvested from random base motion},
  author = {Langley, Robin Stewart},
  year = {2015},
  volume = {339},
  pages = {247--261},
  journal = {Journal of Sound and Vibration}
}

@article{langley_general_2014,
  title = {A general mass law for broadband energy harvesting},
  author = {Langley, RS},
  year = {2014},
  volume = {333},
  pages = {927--936},
  journal = {Journal of Sound and Vibration}
}

@article{langouche_functional_1979,
  ids = {langouche\_functional\_1979a},
  title = {Functional integrals and the {{Fokker}}-{{Planck}} equation},
  author = {Langouche, F and Roekaerts, D and Tirapegui, E},
  year = {1979},
  volume = {53},
  pages = {135--159},
  journal = {Il Nuovo Cimento B (1971-1996)}
}

@book{langouche_functional_1982,
  title = {Functional {{Integration}} and {{Semiclassical Expansions}}},
  author = {Langouche, Flor and Roekaerts, Dirk and Tirapegui, E.},
  year = {1982},
  publisher = {{Springer}},
  googlebooks = {\_L3wCAAAQBAJ}
}

@article{lee_analytical_1994,
  title = {Analytical model of viscoelastic dampers for seismic mitigation of structures},
  author = {Lee, HH and Tsai, C-S},
  year = {1994},
  volume = {50},
  pages = {111--121},
  journal = {Computers \& Structures}
}

@book{li_stochastic_2009,
  ids = {li\_stochastic\_2009a},
  title = {Stochastic {{Dynamics}} of {{Structures}}},
  author = {Li, Jie and Chen, Jianbing},
  year = {2009},
  publisher = {{John Wiley \& Sons}}
}

@article{liang_simulation_2007,
  title = {Simulation of nonstationary stochastic processes by spectral representation},
  author = {Liang, Jianwen and Chaudhuri, Samit Ray and Shinozuka, Masanobu},
  year = {2007},
  volume = {133},
  pages = {616--627},
  publisher = {{American Society of Civil Engineers}},
  journal = {Journal of Engineering Mechanics}
}

@article{liaskos_implicit_2018,
  title = {Implicit analytic solutions for the linear stochastic partial differential beam equation with fractional derivative terms},
  author = {Liaskos, Konstantinos B. and Pantelous, Athanasios A. and Kougioumtzoglou, Ioannis A. and Meimaris, Antonios T.},
  year = {2018},
  volume = {121},
  pages = {38--49},
  journal = {Systems \& Control Letters}
}

@incollection{lifshitz_nonlinear_2010,
  title = {Nonlinear {{Dynamics}} of {{Nanomechanical Resonators}}},
  booktitle = {Nonlinear {{Dynamics}} of {{Nanosystems}}},
  author = {Lifshitz, Ron and Cross, M.C. and Cross, M.C.},
  editor = {Schuster, Heinz Georg and Schuster, Heinz Georg},
  year = {2010},
  pages = {221--266},
  publisher = {{Wiley-VCH Verlag GmbH \& Co. KGaA}}
}

@article{lifshitz_response_2003,
  title = {Response of parametrically driven nonlinear coupled oscillators with application to micromechanical and nanomechanical resonator arrays},
  author = {Lifshitz, Ron and Cross, MC},
  year = {2003},
  volume = {67},
  pages = {134302},
  publisher = {{APS}},
  journal = {Physical review B}
}

@article{lin_chaotic_1995,
  ids = {lin\_chaotic\_1995a},
  title = {Chaotic roll motion and capsize of ships under periodic excitation with random noise},
  author = {Lin, Huan and Yim, Solomon CS},
  year = {1995},
  volume = {17},
  pages = {185--204},
  publisher = {{Elsevier}},
  journal = {Applied Ocean Research}
}

@book{lin_probabilistic_1967,
  title = {Probabilistic {{Theory}} of {{Structural Dynamics}}},
  author = {Lin, Yu-Kweng},
  year = {1967},
  publisher = {{McGraw-Hill}}
}

@article{lin_stochastic_2004,
  ids = {lin\_stochastic\_2004a},
  title = {Stochastic analysis of a single-degree-of-freedom nonlinear experimental moored system using an independent-flow-field model},
  author = {Lin, H and Yim, SCS},
  year = {2004},
  volume = {130},
  pages = {161--169},
  publisher = {{American Society of Civil Engineers}},
  journal = {Journal of engineering mechanics}
}

@article{liu_limited_1989,
  title = {On the limited memory {{BFGS}} method for large scale optimization},
  author = {Liu, Dong and Nocedal, Jorge},
  year = {1989},
  volume = {45},
  pages = {503--528},
  journal = {Mathematical Programming}
}

@article{liu_nonstationary_1990,
  title = {The non-stationary response probability density functions of non-linearly damped oscillators subjected to white noise excitations},
  author = {Liu, Q and Davies, HG},
  year = {1990},
  volume = {139},
  pages = {425--435},
  journal = {Journal of Sound and Vibration}
}

@article{lotfi_numerical_2013,
  title = {A numerical technique for solving a class of fractional variational problems},
  author = {Lotfi, A. and Yousefi, S. A.},
  year = {2013},
  volume = {237},
  pages = {633--643},
  journal = {Journal of Computational and Applied Mathematics}
}

@article{lotfi_numerical_2013a,
  title = {Numerical solution of a class of fractional optimal control problems via the {{Legendre}} orthonormal basis combined with the operational matrix and the {{Gauss}} quadrature rule},
  author = {Lotfi, A. and Yousefi, S. A. and Dehghan, Mehdi},
  year = {2013},
  volume = {250},
  pages = {143--160},
  journal = {Journal of Computational and Applied Mathematics}
}

@article{lu_inverses_2002,
  title = {Inverses of 2 x 2 block matrices},
  author = {Lu, Tzon-Tzer and Shiou, Sheng-Hua},
  year = {2002},
  volume = {43},
  pages = {119--129},
  journal = {Computers \& Mathematics with Applications}
}

@book{lutes_random_2004,
  title = {Random {{Vibrations}}: {{Analysis}} of {{Structural}} and {{Mechanical Systems}}},
  author = {Lutes, Loren D. and Sarkani, Shahram},
  year = {2004},
  publisher = {{Elsevier-Butterworth-Heinemann}}
}

@book{lutes_stochastic_1997,
  title = {Stochastic {{Analysis}} of {{Structural}} and {{Mechanical Vibrations}}},
  author = {Lutes, Loren D and Sarkani, Shahram},
  year = {1997},
  publisher = {{Prentice Hall}}
}

@article{machlup_fluctuations_1953,
  title = {Fluctuations and irreversible process. {{II}}. {{Systems}} with kinetic energy},
  author = {Machlup, S and Onsager, Lars},
  year = {1953},
  volume = {91},
  pages = {1512},
  journal = {Physical Review}
}

@incollection{majumdar_brownian_2007,
  title = {Brownian functionals in physics and computer science},
  booktitle = {The {{Legacy Of Albert Einstein}}: {{A Collection}} of {{Essays}} in {{Celebration}} of the {{Year}} of {{Physics}}},
  author = {Majumdar, Satya N},
  year = {2007},
  pages = {93--129},
  publisher = {{World Scientific}}
}

@article{majumdar_time_2008,
  title = {On the time to reach maximum for a variety of constrained {{Brownian}} motions},
  author = {Majumdar, Satya N and {Randon-Furling}, Julien and Kearney, Michael J and Yor, Marc},
  year = {2008},
  volume = {41},
  pages = {365005},
  publisher = {{IOP Publishing}},
  journal = {Journal of Physics A: Mathematical and Theoretical}
}

@book{mallat_wavelet_2008,
  title = {A {{Wavelet Tour}} of {{Signal Processing}}: {{The Sparse Way}}},
  author = {Mallat, S},
  year = {2008},
  publisher = {{Elsevier-Academic Press}}
}

@article{mann_chirplet_1995,
  title = {The chirplet transform: {{Physical}} considerations},
  author = {Mann, Steve and Haykin, Simon},
  year = {1995},
  volume = {43},
  pages = {2745--2761},
  journal = {IEEE Transactions on Signal Processing}
}

@book{mayergoyz_mathematical_2003,
  title = {Mathematical {{Models}} of {{Hysteresis}} and {{Their Applications}}},
  author = {Mayergoyz, I. D.},
  year = {2003},
  publisher = {{Elsevier-Academic Press}}
}

@article{mckane_path_1990,
  title = {Path integrals and non-{{Markov}} processes. {{I}}. {{General}} formalism},
  author = {McKane, A J and Luckock, H C and Bray, A J},
  year = {1990},
  volume = {41},
  pages = {644},
  journal = {Physical Review A}
}

@article{mcwilliam_numerical_2000,
  title = {Numerical solution of the stationary {{FPK}} equation using {{Shannon}} wavelets},
  author = {McWilliam, S and Knappett, DJ and Fox, CHJ},
  year = {2000},
  volume = {232},
  pages = {405--430},
  journal = {Journal of Sound and Vibration}
}

@article{meimaris_approximate_2019,
  ids = {meimaris\_approximate\_2019a},
  title = {An approximate technique for determining in closed form the response transition probability density function of diverse nonlinear/hysteretic oscillators},
  author = {Meimaris, Antonios T. and Kougioumtzoglou, Ioannis A. and Pantelous, Athanasios A. and Pirrotta, Antonina},
  year = {2019},
  pages = {1--15},
  publisher = {{Springer}},
  journal = {Nonlinear Dynamics}
}

@article{meimaris_approximate_2019a,
  title = {Approximate analytical solutions for a class of nonlinear stochastic differential equations},
  author = {Meimaris, Antonios T. and Kougioumtzoglou, Ioannis A. and Pantelous, A. A.},
  year = {2019},
  volume = {30},
  pages = {928--944},
  publisher = {{Cambridge University Press}},
  journal = {European Journal of Applied Mathematics}
}

@article{meimaris_closed_2018,
  ids = {meimaris\_closed\_2018a},
  title = {A closed form approximation and error quantification for the response transition probability density function of a class of stochastic differential equations},
  author = {Meimaris, Antonios T. and Kougioumtzoglou, Ioannis A. and Pantelous, Athanasios A.},
  year = {2018},
  volume = {54},
  pages = {87--94},
  publisher = {{Elsevier}},
  journal = {Probabilistic Engineering Mechanics},
  series = {{{ISM}} 2016}
}

@article{meimaris_closedform_2020,
  title = {Closed-form approximate solutions for a class of coupled nonlinear stochastic differential equations},
  author = {Meimaris, Antonios T. and Kougioumtzoglou, Ioannis A. and Pantelous, Athanasios A.},
  year = {2020},
  volume = {364},
  pages = {124669},
  publisher = {{Elsevier}},
  journal = {Applied Mathematics and Computation}
}

@incollection{micchelli_interpolation_1984,
  title = {Interpolation of {{Scattered Data}}: {{Distance Matrices}} and {{Conditionally Positive Definite Functions}}},
  booktitle = {Approximation {{Theory}} and {{Spline Functions}}},
  author = {Micchelli, Charles A},
  year = {1984},
  pages = {143--145},
  publisher = {{Springer}}
}

@article{mo_nonsmooth_2009,
  ids = {mo\_nonsmooth\_2009a},
  title = {Nonsmooth dynamics by path integration: an example of stochastic and chaotic response of a meshing gear pair},
  author = {Mo, E and Naess, A},
  year = {2009},
  volume = {4},
  publisher = {{American Society of Mechanical Engineers Digital Collection}},
  journal = {Journal of computational and nonlinear dynamics}
}

@article{mongillo_choosing_2011,
  title = {Choosing basis functions and shape parameters for radial basis function methods},
  author = {Mongillo, Michael},
  year = {2011},
  volume = {4},
  pages = {2--6},
  journal = {SIAM Undergraduate Research Online}
}

@article{morison_force_1950,
  title = {The force exerted by surface waves on piles},
  author = {Morison, JR and Johnson, JW and Schaaf, SA},
  year = {1950},
  volume = {2},
  pages = {149--154},
  publisher = {{Society of Petroleum Engineers}},
  journal = {Journal of Petroleum Technology}
}

@article{muscolino_stationary_1997,
  title = {Stationary and non-stationary probability density function for non-linear oscillators},
  author = {Muscolino, G and Ricciardi, G and Vasta, M},
  year = {1997},
  volume = {32},
  pages = {1051--1064},
  journal = {International Journal of Non-Linear Mechanics}
}

@article{naess_efficient_2000,
  ids = {naess\_efficient\_2000a},
  title = {Efficient path integration methods for nonlinear dynamic systems},
  author = {Naess, A and Moe, V},
  year = {2000},
  volume = {15},
  pages = {221--231},
  journal = {Probabilistic Engineering Mechanics}
}

@article{naess_efficient_2007,
  title = {Efficient estimation of extreme response of drag-dominated offshore structures by {{Monte Carlo}} simulation},
  author = {Naess, A and Gaidai, O and Haver, S},
  year = {2007},
  volume = {34},
  pages = {2188--2197},
  publisher = {{Elsevier}},
  journal = {Ocean Engineering}
}

@inproceedings{naess_extension_1998,
  ids = {naess\_extension\_1999},
  title = {Extension of the {{Numerical Path Integration Method}} to {{Filtered}} a-{{Stable Levy Noise}}},
  booktitle = {Proceedings 3rd {{International Conference}} on {{Computational Stochastic Mechanics}}},
  author = {Naess, A and Skaug, C},
  year = {1998},
  pages = {391}
}

@article{naess_lotkavolterra_2008,
  ids = {naess\_lotkavolterra\_2008a},
  title = {Lotka-{{Volterra}} systems in environments with randomly disordered temporal periodicity},
  author = {Naess, Arvid and Dimentberg, Michael F and Gaidai, Oleg},
  year = {2008},
  volume = {78},
  pages = {021126},
  publisher = {{APS}},
  journal = {Physical Review E}
}

@inproceedings{naess_path_2001,
  title = {Path integration methods for calculating response statistics of nonlinear oscillators driven by {$\alpha$}-stable {{L\'evy}} noise},
  booktitle = {{{IUTAM Symposium}} on {{Nonlinearity}} and {{Stochastic Structural Dynamics}}},
  author = {Naess, A. and Skaug, C.},
  year = {2001},
  pages = {159--169}
}

@article{naess_reliability_2011,
  ids = {naess\_reliability\_2011a},
  title = {Reliability of systems with randomly varying parameters by the path integration method},
  author = {Naess, A and Iourtchenko, D and Batsevych, Oleg},
  year = {2011},
  volume = {26},
  pages = {5--9},
  publisher = {{Elsevier}},
  journal = {Probabilistic Engineering Mechanics}
}

@article{naess_response_1993,
  ids = {naess\_response\_1993a},
  title = {Response statistics of nonlinear, compliant offshore structures by the path integral solution method},
  author = {Naess, A and Johnsen, JM},
  year = {1993},
  volume = {8},
  pages = {91--106},
  journal = {Probabilistic Engineering Mechanics}
}

@article{naess_stationary_1996,
  ids = {naess\_stationary\_1996a},
  title = {Stationary and non-stationary random vibration of oscillators with bilinear hysteresis},
  author = {Naess, A and Moe, V},
  year = {1996},
  volume = {31},
  pages = {553--562},
  journal = {International Journal of Non-Linear Mechanics}
}

@article{naess_stochastic_2007,
  ids = {naess\_stochastic\_2007a},
  title = {Stochastic spur gear dynamics by numerical path integration},
  author = {Naess, Arvid and Kolnes, FE and Mo, Eirik},
  year = {2007},
  volume = {302},
  pages = {936--950},
  publisher = {{Elsevier}},
  journal = {Journal of sound and vibration}
}

@article{naprstek_finite_2014,
  title = {Finite element method analysis of {{Fokker}}\textendash{{Plank}} equation in stationary and evolutionary versions},
  author = {N{\'a}prstek, Ji{\v r}{\'i} and Kr{\'a}l, Radomil},
  year = {2014},
  volume = {72},
  pages = {28--38},
  journal = {Advances in Engineering Software}
}

@article{narayanan_numerical_2012,
  ids = {narayanan\_numerical\_2012a},
  title = {Numerical solutions of {{Fokker}}\textendash{{Planck}} equation of nonlinear systems subjected to random and harmonic excitations},
  author = {Narayanan, S and Kumar, Pankaj},
  year = {2012},
  volume = {27},
  pages = {35--46},
  publisher = {{Elsevier}},
  journal = {Probabilistic Engineering Mechanics}
}

@article{natarajan_sparse_1995,
  ids = {natarajan\_sparse\_1995a},
  title = {Sparse approximate solutions to linear systems},
  author = {Natarajan, Balas Kausik},
  year = {1995},
  volume = {24},
  pages = {227--234},
  publisher = {{SIAM}},
  journal = {SIAM Journal on Computing}
}

@book{nayfeh_nonlinear_1979,
  title = {Nonlinear {{Oscillations}}},
  author = {Nayfeh, A. H. and Mook, D. T.},
  year = {1979},
  publisher = {{John Wiley \& Sons}}
}

@article{newland_harmonic_1994,
  title = {Harmonic and musical wavelets},
  author = {Newland, David E},
  year = {1994},
  volume = {444},
  pages = {605--620},
  journal = {Proceedings of the Royal Society of London. Series A: Mathematical and Physical Sciences}
}

@book{newland_introduction_2005,
  title = {An {{Introduction}} to {{Random Vibrations}}, {{Spectral}} \& {{Wavelet Analysis}}: {{Third Edition}}},
  author = {Newland, D. E.},
  year = {2005},
  publisher = {{Dover Publications}}
}

@article{newman_inertial_1990,
  title = {Inertial effects on the escape rate of a particle driven by colored noise: {{An}} instanton approach},
  author = {Newman, T J and Bray, A J and McKane, A J},
  year = {1990},
  volume = {59},
  pages = {357--369},
  journal = {Journal of Statistical Physics}
}

@book{nigam_introduction_1983,
  title = {Introduction to {{Random Vibrations}}},
  author = {Nigam, N. C.},
  year = {1983},
  publisher = {{The MIT Press}}
}

@phdthesis{niu_monte_2011,
  title = {Monte {{Carlo Simulation}} of {{Infinite}}-dimensional {{Integrals}}},
  author = {Niu, Ben},
  year = {2011},
  school = {Illinois Institute of Technology}
}

@book{nocedal_numerical_2006,
  ids = {nocedal\_numerical\_2006a},
  title = {Numerical {{Optimization}}},
  author = {Nocedal, Jorge and Wright, Stephen},
  year = {2006},
  publisher = {{Springer Science \& Business Media}}
}

@article{nutting_new_1921,
  title = {A new general law of deformation},
  author = {Nutting, P. G.},
  year = {1921},
  volume = {191},
  pages = {679--685},
  journal = {Journal of the Franklin Institute}
}

@book{oksendal_stochastic_2003,
  title = {Stochastic {{Differential Equations}}: {{An Introduction}} with {{Applications}}},
  author = {\O ksendal, Bernt},
  year = {2003},
  publisher = {{Springer}}
}

@book{oldham_fractional_1974,
  title = {The {{Fractional Calculus}}},
  author = {Oldham, Keith B. and Spanier, Jerome},
  year = {1974},
  publisher = {{Elsevier-Academic Press}}
}

@article{olver_multivariate_2006,
  title = {On multivariate interpolation},
  author = {Olver, Peter J.},
  year = {2006},
  volume = {116},
  pages = {201--240},
  journal = {Studies in Applied Mathematics}
}

@article{opfer_multiscale_2006,
  title = {Multiscale kernels},
  author = {Opfer, Roland},
  year = {2006},
  volume = {25},
  pages = {357--380},
  journal = {Advances in Computational Mathematics}
}

@inproceedings{oriolo_control_1991,
  title = {Control of mechanical systems with second-order nonholonomic constraints: {{Underactuated}} manipulators},
  booktitle = {Conference on {{Decision}} and {{Control}}},
  author = {Oriolo, Giuseppe and Nakamura, Yoshihiko},
  year = {1991},
  pages = {2398--2403}
}

@article{paez_history_2006,
  title = {The history of random vibrations through 1958},
  author = {Paez, Thomas L.},
  year = {2006},
  volume = {20},
  pages = {1783--1818},
  journal = {Mechanical Systems and Signal Processing}
}

@article{papakonstantinou_inelastic_2008,
  title = {An inelastic beam element with hysteretic damping},
  author = {Papakonstantinou, KG and Dimizas, PC and Koumousis, VK},
  year = {2008},
  volume = {15},
  pages = {273--290},
  journal = {Shock and Vibration}
}

@article{pazouki_bases_2011,
  title = {Bases for kernel-based spaces},
  author = {Pazouki, Maryam and Schaback, Robert},
  year = {2011},
  volume = {236},
  pages = {575--588},
  journal = {Journal of Computational and Applied Mathematics}
}

@article{perkins_effects_2016,
  title = {Effects of noise on symmetric intrinsic localized modes},
  author = {Perkins, Edmon and Kimura, Masayuki and Hikihara, Takashi and Balachandran, Balakumar},
  year = {2016},
  volume = {85},
  pages = {333--341},
  publisher = {{Springer}},
  journal = {Nonlinear Dynamics}
}

@article{petromichelakis_stochastic_2018,
  ids = {petromichelakis\_stochastic\_2018b},
  title = {Stochastic response determination and optimization of a class of nonlinear electromechanical energy harvesters: {{A Wiener}} path integral approach},
  author = {Petromichelakis, Ioannis and Psaros, Apostolos F. and Kougioumtzoglou, Ioannis A.},
  year = {2018},
  volume = {53},
  pages = {116--125},
  copyright = {All rights reserved},
  journal = {Probabilistic Engineering Mechanics}
}

@article{petromichelakis_stochastic_2020,
  ids = {petromichelakis\_stochastic\_2020a},
  title = {Stochastic response determination of nonlinear structural systems with singular diffusion matrices: {{A Wiener}} path integral variational formulation with constraints},
  author = {Petromichelakis, Ioannis and Psaros, Apostolos F. and Kougioumtzoglou, Ioannis A.},
  year = {2020},
  pages = {103044},
  publisher = {{Elsevier}},
  journal = {Probabilistic Engineering Mechanics}
}

@article{pierson_proposed_1964,
  title = {A proposed spectral form for fully developed wind seas based on the similarity theory of {{S}}.{{A}}. {{Kitaigorodskii}}},
  author = {Pierson, Willard J and Moskowitz, Lionel},
  year = {1964},
  volume = {69},
  pages = {5181--5190},
  publisher = {{Wiley Online Library}},
  journal = {Journal of geophysical research}
}

@article{pirrotta_probabilistic_2011,
  ids = {pirrotta\_probabilistic\_2011a},
  title = {Probabilistic response of nonlinear systems under combined normal and {{Poisson}} white noise via path integral method},
  author = {Pirrotta, A and Santoro, R},
  year = {2011},
  volume = {26},
  pages = {26--32},
  publisher = {{Elsevier}},
  journal = {Probabilistic Engineering Mechanics}
}

@incollection{powell_fast_1978,
  title = {A fast algorithm for nonlinearly constrained optimization calculations},
  booktitle = {Numerical {{Analysis}}},
  author = {Powell, Michael JD},
  year = {1978},
  pages = {144--157},
  publisher = {{Springer}}
}

@article{psaros_exact_2020,
  ids = {psaros\_exact\_2020a},
  title = {An exact closed-form solution for linear multi-degree-of-freedom systems under {{Gaussian}} white noise via the {{Wiener}} path integral technique},
  author = {Psaros, Apostolos F. and Zhao, Ying and Kougioumtzoglou, Ioannis A.},
  year = {2020},
  pages = {103040},
  publisher = {{Elsevier}},
  journal = {Probabilistic Engineering Mechanics}
}

@article{psaros_functional_2020,
  title = {Functional series expansions and quadratic approximations for enhancing the accuracy of the {{Wiener}} path integral technique},
  author = {Psaros, Apostolos F. and Kougioumtzoglou, Ioannis A.},
  year = {2020},
  volume = {146},
  pages = {04020065},
  journal = {Journal of Engineering Mechanics}
}

@article{psaros_sparse_2018,
  ids = {psaros\_sparse\_2018a},
  title = {Sparse representations and compressive sampling for enhancing the computational efficiency of the {{Wiener}} path integral technique},
  author = {Psaros, Apostolos F. and Kougioumtzoglou, Ioannis A. and Petromichelakis, Ioannis},
  year = {2018},
  volume = {111},
  pages = {87--101},
  copyright = {All rights reserved},
  journal = {Mechanical Systems and Signal Processing}
}

@article{psaros_wiener_2018,
  ids = {psaros\_wiener\_2018a},
  title = {Wiener {{Path Integral}} based response determination of nonlinear systems subject to non-white, non-{{Gaussian}}, and non-stationary stochastic excitation},
  author = {Psaros, Apostolos F. and Brudastova, Olga and Malara, Giovanni and Kougioumtzoglou, Ioannis A.},
  year = {2018},
  volume = {433},
  pages = {314--333},
  copyright = {All rights reserved},
  journal = {Journal of Sound and Vibration}
}

@article{psaros_wiener_2019,
  ids = {psaros\_wiener\_2019a},
  title = {Wiener path integrals and multi-dimensional global bases for non-stationary stochastic response determination of structural systems},
  author = {Psaros, Apostolos F. and Petromichelakis, Ioannis and Kougioumtzoglou, Ioannis A.},
  year = {2019},
  volume = {128},
  pages = {551--571},
  copyright = {All rights reserved},
  journal = {Mechanical Systems and Signal Processing}
}

@article{ramakrishnan_energy_2010,
  title = {Energy localization and white noise-induced enhancement of response in a micro-scale oscillator array},
  author = {Ramakrishnan, S and Balachandran, B},
  year = {2010},
  volume = {62},
  pages = {1--16},
  publisher = {{Springer}},
  journal = {Nonlinear dynamics}
}

@article{rauhut_sparse_2012,
  title = {Sparse {{Legendre}} expansions via {$\ell$}1-minimization},
  author = {Rauhut, Holger and Ward, Rachel},
  year = {2012},
  volume = {164},
  pages = {517--533},
  journal = {Journal of Approximation Theory}
}

@book{rayleigh_theory_1877,
  title = {The {{Theory}} of {{Sound}}},
  author = {Rayleigh, J. W. S. and Lindsay, Robert B.},
  year = {1877},
  publisher = {{Macmillan and Co}}
}

@book{reed_fourier_1975,
  title = {Fourier {{Analysis}} and {{Self}}-{{Adjointness}}},
  author = {Reed, Michael and Simon, Barry},
  year = {1975},
  volume = {2},
  publisher = {{Elsevier-Academic Press}}
}

@article{rice_mathematical_1944,
  title = {Mathematical {{Analysis}} of {{Random Noise}}},
  author = {Rice, S. O.},
  year = {1944},
  volume = {23},
  pages = {282--332},
  journal = {Bell System Technical Journal}
}

@article{rippa_algorithm_1999,
  title = {An algorithm for selecting a good value for the parameter c in radial basis function interpolation},
  author = {Rippa, Shmuel},
  year = {1999},
  volume = {11},
  pages = {193--210},
  journal = {Advances in Computational Mathematics}
}

@book{rish_sparse_2014,
  ids = {rish\_sparse\_2014a},
  title = {Sparse {{Modeling}}: {{Theory}}, {{Algorithms}}, and {{Applications}}},
  author = {Rish, Irina and Grabarnik, Genady},
  year = {2014},
  publisher = {{CRC Press, Inc}}
}

@book{risken_fokkerplanck_1984,
  title = {The {{Fokker}}-{{Planck Equation}}: {{Methods}} of {{Solution}} and {{Applications}}},
  author = {Risken, Hannes},
  year = {1984},
  publisher = {{Springer-Verlag}}
}

@book{roberts_random_2003,
  title = {Random {{Vibration}} and {{Statistical Linearization}}},
  author = {Roberts, John Brian and Spanos, Pol D.},
  year = {2003},
  publisher = {{Dover Publications}},
  googlebooks = {e6yMDwAAQBAJ}
}

@article{roberts_stochastic_1986,
  title = {Stochastic averaging: {{An}} approximate method of solving random vibration problems},
  author = {Roberts, J. B. and Spanos, Pol D.},
  year = {1986},
  volume = {21},
  pages = {111--134},
  journal = {International Journal of Non-Linear Mechanics}
}

@book{robson_introduction_1964,
  title = {An {{Introduction}} to {{Random Vibration}}},
  author = {Robson, John Daughty},
  year = {1964},
  publisher = {{Edinburgh University Press}}
}

@article{rockafellar_multiplier_1973,
  title = {The multiplier method of {{Hestenes}} and {{Powell}} applied to convex programming},
  author = {Rockafellar, R Tyrell},
  year = {1973},
  volume = {12},
  pages = {555--562},
  journal = {Journal of Optimization Theory and Applications}
}

@article{rossikhin_application_2010,
  title = {Application of fractional calculus for dynamic problems of solid mechanics: novel trends and recent results},
  author = {Rossikhin, Yuriy A. and Shitikova, Marina V.},
  year = {2010},
  volume = {63},
  pages = {010801},
  journal = {ASME Applied Mechanics Reviews}
}

@article{rossikhin_applications_1997,
  title = {Applications of {{Fractional Calculus}} to {{Dynamic Problems}} of {{Linear}} and {{Nonlinear Hereditary Mechanics}} of {{Solids}}},
  author = {Rossikhin, Yuriy A. and Shitikova, Marina V.},
  year = {1997},
  volume = {50},
  pages = {15--67},
  journal = {Applied Mechanics Reviews}
}

@book{rund_hamiltonjacobi_1966,
  title = {The {{Hamilton}}-{{Jacobi Theory}} in the {{Calculus}} of {{Variations}}: {{Its Role}} in {{Mathematics}} and {{Physics}}},
  author = {Rund, Hanno},
  year = {1966},
  publisher = {{Krieger Pub Co}}
}

@book{sabatier_advances_2007,
  title = {Advances in {{Fractional Calculus}}: {{Theoretical Developments}} and {{Applications}} in {{Physics}} and {{Engineering}}},
  editor = {Sabatier, J. and Agrawal, O. P. and Tenreiro Machado, J. A.},
  year = {2007},
  publisher = {{Springer}}
}

@article{sapsis_dynamically_2009,
  title = {Dynamically orthogonal field equations for continuous stochastic dynamical systems},
  author = {Sapsis, Themistoklis P. and Lermusiaux, Pierre F. J.},
  year = {2009},
  volume = {238},
  pages = {2347--2360},
  journal = {Physica D: Nonlinear Phenomena}
}

@article{sapsis_new_2008,
  title = {New partial differential equations governing the joint, response\textendash excitation, probability distributions of nonlinear systems, under general stochastic excitation},
  author = {Sapsis, Themistoklis P and Athanassoulis, Gerassimos A},
  year = {2008},
  volume = {23},
  pages = {289--306},
  journal = {Probabilistic Engineering Mechanics}
}

@article{schaback_kernel_2006,
  title = {Kernel techniques: from machine learning to meshless methods},
  author = {Schaback, Robert and Wendland, Holger},
  year = {2006},
  volume = {15},
  pages = {543--639},
  journal = {Acta Numerica}
}

@article{schilder_asymptotic_1966,
  title = {Some asymptotic formulas for {{Wiener}} integrals},
  author = {Schilder, Michael},
  year = {1966},
  volume = {125},
  pages = {63--85},
  journal = {Transactions of the American Mathematical Society}
}

@book{schulman_techniques_1981,
  title = {Techniques and {{Applications}} of {{Path Integration}}},
  author = {Schulman, L. S.},
  year = {1981},
  publisher = {{John Wiley \& Sons}}
}

@book{seber_matrix_2008,
  title = {A {{Matrix Handbook}} for {{Statisticians}}},
  author = {Seber, George AF},
  year = {2008},
  volume = {15},
  publisher = {{John Wiley \& Sons}}
}

@book{shampine_solving_2003,
  title = {Solving {{ODEs}} with {{Matlab}}},
  author = {Shampine, Lawrence F and Gladwell, Ian and Shampine, Larry and Thompson, S},
  year = {2003},
  publisher = {{Cambridge university press}}
}

@book{shankar_differential_2018,
  title = {Differential {{Equations}}: {{A Problem Solving Approach Based}} on {{MATLAB}}},
  author = {Shankar, P Mohana},
  year = {2018},
  publisher = {{CRC Press}}
}

@article{shields_simulation_2017,
  title = {Simulation of higher-order stochastic processes by spectral representation},
  author = {Shields, Michael D. and Kim, Hwanpyo},
  year = {2017},
  volume = {47},
  pages = {1--15},
  journal = {Probabilistic Engineering Mechanics}
}

@book{shilov_linear_1977,
  title = {Linear {{Algebra}}},
  author = {Shilov, G},
  year = {1977},
  publisher = {{Dover Publications}}
}

@article{shinozuka_simulation_1991,
  title = {Simulation of stochastic processes by spectral representation},
  author = {Shinozuka, Masanobu and Deodatis, George},
  year = {1991},
  journal = {Applied Mechanics Reviews}
}

@article{shinozuka_simulation_1996,
  title = {Simulation of multi-dimensional {{Gaussian}} stochastic fields by spectral representation},
  author = {Shinozuka, Masanobu and Deodatis, George},
  year = {1996},
  volume = {49},
  pages = {29},
  journal = {Applied Mechanics Reviews}
}

@article{shinozuka_structural_1987,
  title = {Structural response variability},
  author = {Shinozuka, M},
  year = {1987},
  volume = {113},
  pages = {825--842},
  publisher = {{American Society of Civil Engineers}},
  journal = {Journal of engineering mechanics}
}

@article{shokooh_comparison_1999,
  title = {A comparison of numerical methods applied to a fractional model of damping materials},
  author = {Shokooh, Arsalan and Su{\'a}rez, Luis},
  year = {1999},
  volume = {5},
  pages = {331--354},
  journal = {Journal of Vibration and Control}
}

@article{silvester_determinants_2000,
  title = {Determinants of block matrices},
  author = {Silvester, John R},
  year = {2000},
  volume = {84},
  pages = {460--467},
  journal = {The Mathematical Gazette}
}

@article{sobczyk_approximate_1999,
  title = {Approximate probability distributions for stochastic systems: maximum entropy method},
  author = {Sobczyk, K and Trcebicki, J},
  year = {1999},
  volume = {168},
  pages = {91--111},
  journal = {Computer Methods in Applied Mechanics and Engineering}
}

@article{socha_linearization_2005,
  title = {Linearization in analysis of nonlinear stochastic systems: {{Recent}} results-{{Part I}}: {{Theory}}},
  author = {Socha, L.},
  year = {2005},
  volume = {58},
  pages = {178--205},
  journal = {Applied Mechanics Reviews}
}

@book{socha_linearization_2007,
  title = {Linearization {{Methods}} for {{Stochastic Dynamic Systems}}},
  author = {Socha, Leslaw},
  year = {2007},
  volume = {730},
  publisher = {{Springer}}
}

@article{sogabe_fast_2008,
  title = {A fast numerical algorithm for the determinant of a pentadiagonal matrix},
  author = {Sogabe, Tomohiro},
  year = {2008},
  volume = {196},
  pages = {835--841},
  journal = {Applied Mathematics and Computation}
}

@book{soize_fokkerplanck_1994,
  title = {The {{Fokker}}-{{Planck Equation For Stochastic Dynamical Systems}} and its {{Explicit Steady State Solutions}}},
  author = {Soize, Christian},
  year = {1994},
  publisher = {{World Scientific}}
}

@article{sommariva_computing_2009,
  title = {Computing approximate {{Fekete}} points by {{QR}} factorizations of {{Vandermonde}} matrices},
  author = {Sommariva, Alvise and Vianello, Marco},
  year = {2009},
  volume = {57},
  pages = {1324--1336},
  journal = {Computers \& Mathematics with Applications}
}

@book{soong_random_1973,
  title = {Random {{Differential Equations}} in {{Science}} and {{Engineering}}},
  editor = {Soong, T. T.},
  year = {1973},
  publisher = {{Elsevier-Academic Press}}
}

@book{soong_random_1993,
  title = {Random {{Vibration}} of {{Mechanical}} and {{Structural Systems}}},
  author = {Soong, T. T. and Grigoriu, Mircea},
  year = {1993},
  publisher = {{Prentice Hall}},
  googlebooks = {6JVRAAAAMAAJ}
}

@article{spanos_approach_1987,
  title = {An approach to calculating random vibration integrals},
  author = {Spanos, Pol D.},
  year = {1987},
  volume = {54},
  pages = {409--413},
  journal = {Journal of Applied Mechanics}
}

@article{spanos_coupled_2005,
  title = {Coupled analysis of a spar structure: {{Monte Carlo}} and statistical linearization solutions},
  author = {Spanos, Pol D. and Ghosh, Rupak and Finn, Lyle D and Halkyard, John},
  year = {2005},
  volume = {127},
  pages = {11--16},
  journal = {J. Offshore Mech. Arct. Eng.}
}

@incollection{spanos_filter_1986,
  title = {Filter {{Approaches}} to {{Wave Kinematics Approximation}}},
  booktitle = {Studies in {{Applied Mechanics}}},
  author = {Spanos, Pol D.},
  year = {1986},
  volume = {14},
  pages = {459--473},
  publisher = {{Elsevier}}
}

@inproceedings{spanos_harmonic_2011,
  title = {Harmonic wavelet-based statistical linearization of the {{Bouc}}-{{Wen}} hysteretic model},
  booktitle = {Proceedings of the 11th {{International Conference}} on {{Applications}} of {{Statistics}} and {{Probability}} in {{Civil Engineering}}, {{ICASP}}},
  author = {Spanos, Pol D. and Kougioumtzoglou, Ioannis A.},
  year = {2011},
  pages = {2649--2656}
}

@article{spanos_harmonic_2012,
  title = {Harmonic wavelets based statistical linearization for response evolutionary power spectrum determination},
  author = {Spanos, Pol D. and Kougioumtzoglou, Ioannis A.},
  year = {2012},
  volume = {27},
  pages = {57--68},
  journal = {Probabilistic Engineering Mechanics}
}

@article{spanos_harmonic_2016,
  title = {Harmonic wavelets based excitation\textendash response relationships for linear systems: {{A}} critical perspective},
  author = {Spanos, Pol D. and Kong, Fan and Li, Jie and Kougioumtzoglou, Ioannis A.},
  year = {2016},
  volume = {44},
  pages = {163--173},
  journal = {Probabilistic Engineering Mechanics}
}

@article{spanos_hilbert_1994,
  title = {Hilbert transform generalization of a classical random vibration integral},
  author = {Spanos, Pol D. and Miller, Scott M},
  year = {1994},
  volume = {61},
  pages = {575--581},
  journal = {Journal of Applied Mechanics}
}

@article{spanos_monte_1998,
  title = {Monte {{Carlo}} treatment of random fields: {{A}} broad perspective},
  author = {Spanos, Pol D. and Zeldin, B. A.},
  year = {1998},
  volume = {51},
  pages = {219--237},
  journal = {Applied Mechanics Reviews}
}

@article{spanos_nonlinear_2014,
  title = {Nonlinear random vibrations of beams with fractional derivative elements},
  author = {Spanos, Pol D. and Malara, Giovanni},
  year = {2014},
  volume = {140},
  pages = {04014069},
  journal = {Journal of Engineering Mechanics}
}

@article{spanos_nonstationary_1988,
  title = {Nonstationary solution in nonlinear random vibration},
  author = {Spanos, Pol D. and {Red-Horse}, JR},
  year = {1988},
  volume = {114},
  pages = {1929--1943},
  journal = {Journal of Engineering Mechanics}
}

@article{spanos_random_1981,
  title = {Random response to flow-induced forces},
  author = {Spanos, Pol D. and Chen, Tien W},
  year = {1981},
  volume = {107},
  pages = {1173--1190},
  publisher = {{ASCE}},
  journal = {Journal of the Engineering Mechanics Division}
}

@article{spanos_random_1997,
  title = {Random vibration of systems with frequency-dependent parameters or fractional derivatives},
  author = {Spanos, Pol D. and Zeldin, BA},
  year = {1997},
  volume = {123},
  pages = {290--292},
  journal = {Journal of Engineering Mechanics}
}

@article{spanos_response_2010,
  title = {Response of a non-linear system with restoring forces governed by fractional derivatives\textemdash{{Time}} domain simulation and statistical linearization solution},
  author = {Spanos, Pol D. and Evangelatos, Georgios I.},
  year = {2010},
  volume = {30},
  pages = {811--821},
  journal = {Soil Dynamics and Earthquake Engineering}
}

@article{spanos_stochastic_1981,
  title = {Stochastic linearization in structural dynamics},
  author = {Spanos, Pol D.},
  year = {1981},
  volume = {34},
  pages = {1--8},
  journal = {ASME Applied Mechanics Reviews}
}

@article{spanos_stochastic_2017,
  title = {Stochastic averaging of nonlinear oscillators: {{Hilbert}} transform perspective},
  author = {Spanos, Pol D. and Kougioumtzoglou, Ioannis A. and {\noopsort{santos}}{dos Santos}, Ketson RM and Beck, Andr{\'e} T},
  year = {2017},
  volume = {144},
  pages = {04017173},
  journal = {Journal of Engineering Mechanics}
}

@article{spanos_wavelets_2005,
  title = {Wavelets: {{Theoretical}} concepts and vibrations related applications},
  author = {Spanos, Pol D. and Failla, Giuseppe},
  year = {2005},
  volume = {37},
  pages = {359},
  journal = {Shock and Vibration Digest}
}

@book{starck_sparse_2015,
  ids = {starck2015sparse},
  title = {Sparse {{Image}} and {{Signal Processing}}: {{Wavelets}} and {{Related Geometric Multiscale Analysis}}},
  author = {Starck, Jean-Luc and Murtagh, Fionn and Fadili, Jalal},
  year = {2015},
  publisher = {{Cambridge University Press}},
  googlebooks = {wUy2CgAAQBAJ}
}

@article{stefanou_stochastic_2009,
  ids = {stefanou\_stochastic\_2009a},
  title = {The stochastic finite element method: {{Past}}, present and future},
  author = {Stefanou, George},
  year = {2009},
  volume = {198},
  pages = {1031--1051},
  journal = {Computer Methods in Applied Mechanics and Engineering}
}

@book{stoker_nonlinear_1950,
  title = {Nonlinear {{Vibrations}}},
  author = {Stoker, J. J.},
  year = {1950},
  publisher = {{Interscience}}
}

@article{storn_differential_1997,
  title = {Differential evolution\textendash a simple and efficient heuristic for global optimization over continuous spaces},
  author = {Storn, Rainer and Price, Kenneth},
  year = {1997},
  volume = {11},
  pages = {341--359},
  publisher = {{Springer}},
  journal = {Journal of global optimization}
}

@book{strang_introduction_2016,
  title = {Introduction to {{Linear Algebra}}},
  author = {Strang, Gilbert},
  year = {2016},
  publisher = {{Wellesley-Cambridge Press}}
}

@article{subramaniam_transformed_2017,
  ids = {subramaniam\_transformed\_2017a},
  title = {A transformed path integral approach for solution of the {{Fokker}}\textendash{{Planck}} equation},
  author = {Subramaniam, Gnana M and Vedula, Prakash},
  year = {2017},
  volume = {346},
  pages = {49--70},
  publisher = {{Elsevier}},
  journal = {Journal of Computational Physics}
}

@article{sun_generalized_1990,
  ids = {sun\_generalized\_1990a},
  title = {The generalized cell mapping method in nonlinear random vibration based upon short-time {{Gaussian}} approximation},
  author = {Sun, JQ and Hsu, CS},
  year = {1990},
  pages = {1018--1025},
  journal = {Journal of Applied Mechanics}
}

@inproceedings{tajimi_statistical_1960,
  title = {A statistical method of determing the maximum response of a building structure during an earthquake},
  booktitle = {Proc. 2nd {{WCEE}}, {{Tokyo}}},
  author = {Tajimi, Hiroshi},
  year = {1960},
  volume = {II},
  pages = {781--797}
}

@article{taniguchi_inertial_2008,
  title = {Inertial effects in nonequilibrium work fluctuations by a path integral approach},
  author = {Taniguchi, Tooru and Cohen, EGD},
  year = {2008},
  volume = {130},
  pages = {1--26},
  journal = {Journal of Statistical Physics}
}

@article{tarasov_fractional_2017,
  title = {Fractional mechanics of elastic solids: {{Continuum}} aspects},
  author = {Tarasov, Vasily E.},
  year = {2017},
  volume = {143},
  pages = {D4016001},
  journal = {Journal of Engineering Mechanics}
}

@article{teferra_variability_2012,
  title = {Variability response functions for beams with nonlinear constitutive laws},
  author = {Teferra, Kirubel and Deodatis, George},
  year = {2012},
  volume = {29},
  pages = {139--148},
  journal = {Probabilistic Engineering Mechanics}
}

@article{tropp_signal_2007,
  title = {Signal recovery from random measurements via orthogonal matching pursuit},
  author = {Tropp, Joel A and Gilbert, Anna C},
  year = {2007},
  volume = {53},
  pages = {4655--4666},
  journal = {IEEE Transactions on Information Theory}
}

@incollection{valleau_guide_1977,
  title = {A guide to {{Monte Carlo}} for statistical mechanics: 1. {{Highways}}},
  booktitle = {Statistical mechanics},
  author = {Valleau, JP and Whittington, SG},
  year = {1977},
  pages = {137--168},
  publisher = {{Springer}}
}

@article{vanbarel_approximating_2014,
  title = {Approximating optimal point configurations for multivariate polynomial interpolation},
  author = {Van Barel, Marc and Humet, Matthias and Sorber, Laurent},
  year = {2014},
  volume = {42},
  pages = {41--63},
  journal = {Electronic Transactions on Numerical Analysis}
}

@book{vanbrunt_calculus_2003,
  title = {The {{Calculus}} of {{Variations}}},
  author = {{\noopsort{brunt}}{van Brunt}, Bruce},
  year = {2003},
  publisher = {{Springer}}
}

@incollection{vanloan_approximation_1993,
  title = {Approximation with {{Kronecker}} products},
  booktitle = {Linear {{Algebra}} for {{Large Scale}} and {{Real}}-{{Time Applications}}},
  author = {Van Loan, Charles F and Pitsianis, Nikos},
  year = {1993},
  pages = {293--314},
  publisher = {{Springer}}
}

@book{vanmarcke_random_2010,
  title = {Random {{Fields}}: {{Analysis}} and {{Synthesis}}},
  author = {Vanmarcke, Erik},
  year = {2010},
  publisher = {{World Scientific}}
}

@article{venturi_convolutionless_2014,
  title = {Convolutionless {{Nakajima}}\textendash{{Zwanzig}} equations for stochastic analysis in nonlinear dynamical systems},
  author = {Venturi, Daniele and Karniadakis, George Em},
  year = {2014},
  volume = {470},
  pages = {20130754},
  publisher = {{The Royal Society Publishing}},
  journal = {Proceedings of the Royal Society A: Mathematical, Physical and Engineering Sciences}
}

@article{wang_path_2014,
  ids = {wang\_path\_2014a},
  title = {A path integration algorithm for stochastic structural dynamic systems},
  author = {Wang, Yingguang},
  year = {2014},
  volume = {228},
  pages = {423--431},
  publisher = {{Elsevier}},
  journal = {Applied Mathematics and Computation}
}

@article{wehner_numerical_1983,
  ids = {wehner\_numerical\_1983b},
  title = {Numerical evaluation of path-integral solutions to {{Fokker}}-{{Planck}} equations},
  author = {Wehner, M. F. and Wolfer, W. G.},
  year = {1983},
  volume = {27},
  pages = {2663--2670},
  journal = {Physical Review A}
}

@article{wehner_numerical_1983a,
  ids = {wehner\_numerical\_1983c},
  title = {Numerical evaluation of path-integral solutions to {{Fokker}}-{{Planck}} equations. {{II}}. {{Restricted}} stochastic processes},
  author = {Wehner, M. F. and Wolfer, W. G.},
  year = {1983},
  volume = {28},
  pages = {3003},
  publisher = {{APS}},
  journal = {Physical Review A}
}

@article{wehner_numerical_1987,
  ids = {wehner\_numerical\_1987a},
  title = {Numerical evaluation of path-integral solutions to {{Fokker}}-{{Planck}} equations. {{III}}. {{Time}} and functionally dependent coefficients},
  author = {Wehner, M. F. and Wolfer, W. G.},
  year = {1987},
  volume = {35},
  pages = {1795},
  publisher = {{APS}},
  journal = {Physical Review A}
}

@article{wen_equivalent_1980,
  title = {Equivalent linearization for hysteretic systems under random excitation},
  author = {Wen, Yi-Kwei},
  year = {1980},
  volume = {47},
  pages = {150--154},
  journal = {Journal of Applied Mechanics}
}

@article{wen_method_1976,
  title = {Method for random vibration of hysteretic systems},
  author = {Wen, Yi-Kwei},
  year = {1976},
  volume = {102},
  pages = {249--263},
  journal = {Journal of the Engineering Mechanics Division}
}

@article{wen_methods_1989,
  title = {Methods of random vibration for inelastic structures},
  author = {Wen, Y-K},
  year = {1989},
  volume = {42},
  pages = {39--52},
  journal = {Applied Mechanics Reviews}
}

@book{wendland_scattered_2004,
  title = {Scattered {{Data Approximation}}},
  author = {Wendland, Holger},
  year = {2004},
  volume = {17},
  publisher = {{Cambridge University Press}}
}

@book{wiegel_introduction_1986,
  title = {Introduction to {{Path}}-{{Integral Methods}} in {{Physics}} and {{Polymer Science}}},
  author = {Wiegel, Frederik W},
  year = {1986},
  publisher = {{World Scientific}}
}

@article{wiegel_path_1981,
  title = {Path integrals with topological constraints: {{Aharonov}}-{{Bohm}} effect and polymer entanglements},
  author = {Wiegel, FW},
  year = {1981},
  volume = {109},
  pages = {609--617},
  publisher = {{Elsevier}},
  journal = {Physica A: Statistical Mechanics and its Applications}
}

@article{wiener_average_1921,
  title = {The average of an analytic functional},
  author = {Wiener, Norbert},
  year = {1921},
  volume = {7},
  pages = {253--260},
  journal = {Proceedings of the National Academy of Sciences, USA}
}

@article{wiener_average_1921a,
  title = {The average of an analytic functional and the {{Brownian}} movement},
  author = {Wiener, Norbert},
  year = {1921},
  volume = {7},
  pages = {294},
  journal = {Proceedings of the National Academy of Sciences of the United States of America}
}

@article{wiener_generalized_1930,
  title = {Generalized harmonic analysis},
  author = {Wiener, Norbert},
  year = {1930},
  volume = {55},
  pages = {117--258},
  journal = {Acta Mathematica}
}

@book{wio_introduction_1994,
  title = {An {{Introduction}} to {{Stochastic Processes}} and {{Nonequilibrium Statistical Physics}}},
  author = {Wio, Horacio S and Deza, Roberto R and L{\'o}pez, Juan M},
  year = {1994},
  publisher = {{World Scientific}}
}

@book{wio_path_2013,
  ids = {wio\_path\_2013a},
  title = {Path {{Integrals}} for {{Stochastic Processes}}: {{An Introduction}}},
  author = {Wio, Horacio S.},
  year = {2013},
  publisher = {{World Scientific}}
}

@article{wio_pathintegral_1989,
  title = {Path-integral formulation for stochastic processes driven by colored noise},
  author = {Wio, Horacio S and Colet, P and San Miguel, M and Pesquera, L and Rodriguez, M A},
  year = {1989},
  volume = {40},
  pages = {7312},
  journal = {Physical Review A}
}

@book{wirsching_random_1995,
  title = {Random {{Vibrations}}: {{Theory}} and {{Practice}}},
  author = {Wirsching, Paul H and Paez, Thomas L and Ortiz, Keith},
  year = {1995},
  publisher = {{John Wiley \& Sons}}
}

@book{wong_asymptotic_2001,
  title = {Asymptotic {{Approximations}} of {{Integrals}}},
  author = {Wong, Roderick},
  year = {2001},
  volume = {34},
  publisher = {{SIAM}}
}

@article{xie_numerical_2008,
  title = {Numerical meshfree path integration method for non-linear dynamic systems},
  author = {Xie, Wen-Xian and Xu, Wei and Cai, Li},
  year = {2008},
  volume = {197},
  pages = {426--434},
  journal = {Applied Mathematics and Computation}
}

@article{xie_path_2005,
  ids = {xie\_path\_2005a},
  title = {Path integration of the {{Duffing}}\textendash{{Rayleigh}} oscillator subject to harmonic and stochastic excitations},
  author = {Xie, WX and Xu, W and Cai, L},
  year = {2005},
  volume = {171},
  pages = {870--884},
  publisher = {{Elsevier}},
  journal = {Applied mathematics and computation}
}

@article{yang_reweighted_2013,
  ids = {yang\_reweighted\_2013a},
  title = {Reweighted {$\ell$}1 minimization method for stochastic elliptic differential equations},
  author = {Yang, Xiu and Karniadakis, George Em},
  year = {2013},
  volume = {248},
  pages = {87--108},
  journal = {Journal of Computational Physics}
}

@book{yeh_stochastic_1973,
  title = {Stochastic {{Processes}} and the {{Wiener Integral}}},
  author = {Yeh, Jui-ching},
  year = {1973},
  publisher = {{Marcel Dekker}}
}

@article{yim_coupled_2005,
  title = {Coupled nonlinear barge motions: {{Part II}} \textemdash{} deterministic models, stochastic models and stability analysis},
  author = {Yim, Solomon C. S. and Nakhata, Tongchate and Huang, Erick T.},
  year = {2005},
  volume = {127},
  pages = {83--95},
  journal = {ASME Journal of Offshore Mechanics and Arctic Engineering}
}

@article{yim_coupled_2005a,
  title = {Coupled nonlinear barge motions, {{Part II}}: {{Stochastic}} models and stability analysis},
  author = {Yim, Solomon CS and Nakhata, Tongchate and Huang, Erick T},
  year = {2005},
  volume = {127},
  pages = {83--95},
  journal = {J. Offshore Mech. Arct. Eng.}
}

@article{yokota_petrbf_2010,
  title = {{{PetRBF}}\textemdash{{A}} parallel {{O}} ({{N}}) algorithm for radial basis function interpolation with {{Gaussians}}},
  author = {Yokota, Rio and Barba, Lorena A and Knepley, Matthew G},
  year = {2010},
  volume = {199},
  pages = {1793--1804},
  journal = {Computer Methods in Applied Mechanics and Engineering}
}

@article{yu_new_1997,
  ids = {yu\_new\_1997a},
  title = {A new path integration procedure based on {{Gauss}}-{{Legendre}} scheme},
  author = {Yu, JS and Cai, GQ and Lin, YK},
  year = {1997},
  volume = {32},
  pages = {759--768},
  publisher = {{Elsevier}},
  journal = {International journal of non-linear mechanics}
}

@article{yu_numerical_2004,
  ids = {yu\_numerical\_2004a},
  title = {Numerical path integration of a non-homogeneous {{Markov}} process},
  author = {Yu, JS and Lin, YK},
  year = {2004},
  volume = {39},
  pages = {1493--1500},
  publisher = {{Elsevier}},
  journal = {International Journal of Non-Linear Mechanics}
}

@article{yuan_model_2006,
  title = {Model selection and estimation in regression with grouped variables},
  author = {Yuan, Ming and Lin, Yi},
  year = {2006},
  volume = {68},
  pages = {49--67},
  journal = {Journal of the Royal Statistical Society: Series B (Statistical Methodology)}
}

@book{zee_quantum_2010,
  title = {Quantum {{Field Theory}} in a {{Nutshell}} ({{Second Edition}})},
  author = {Zee, A.},
  year = {2010},
  publisher = {{Princeton University Press}}
}

@article{zhang_lpnorm_2018,
  ids = {zhang\_lpnorm\_2018a},
  title = {Lp-norm minimization for stochastic process power spectrum estimation subject to incomplete data},
  author = {Zhang, Yuanjin and Comerford, Liam and Kougioumtzoglou, Ioannis A. and Beer, Michael},
  year = {2018},
  volume = {101},
  pages = {361--376},
  journal = {Mechanical Systems and Signal Processing}
}

@article{zhang_nonlinear_2015,
  ids = {zhang\_nonlinear\_2015a},
  title = {Nonlinear oscillator stochastic response and survival probability determination via the {{Wiener}} path integral},
  author = {Zhang, Yuanjin and Kougioumtzoglou, Ioannis A.},
  year = {2015},
  volume = {1},
  pages = {021005-021005-15},
  journal = {ASCE-ASME Journal of Risk and Uncertainty in Engineering Systems, Part B:  Mechanical Engineering}
}

@article{zhang_probability_2010,
  title = {Probability density function for stochastic response of non-linear oscillation system under random excitation},
  author = {Zhang, Xufang and Zhang, Yimin and Pandey, MD and Zhao, Yuee},
  year = {2010},
  volume = {45},
  pages = {800--808},
  journal = {International Journal of Non-Linear Mechanics}
}

@article{zhu_recent_1996,
  title = {Recent developments and applications of the stochastic averaging method in random vibration},
  author = {Zhu, W. Q.},
  year = {1996},
  volume = {49},
  pages = {S72--S80},
  journal = {Applied Mechanics Reviews}
}

@book{zienkiewicz_finite_2005,
  title = {The {{Finite Element Method}} for {{Solid}} and {{Structural Mechanics}}},
  author = {Zienkiewicz, Olek C and Taylor, Robert L},
  year = {2005},
  publisher = {{Elsevier-Butterworth-Heinemann}}
}

@book{zienkiewicz_finite_2006,
  title = {Finite {{Elements}} and {{Approximation}}},
  author = {Zienkiewicz, Olgierd Cecil and Morgan, Kenneth},
  year = {2006},
  publisher = {{Dover Publications}}
}

@preamble{ "\newcommand{\noopsort}[1]{} " }

